@article{Sirunyan:2018psa,
      author         = "Sirunyan, Albert M and others",
      title          = "{Search for supersymmetry in events with a photon, a
                        lepton, and missing transverse momentum in proton-proton
                        collisions at $\sqrt{s} =$ 13 TeV}",
      collaboration  = "CMS",
      journal        = "JHEP",
      volume         = "01",
      year           = "2019",
      pages          = "154",
      doi            = "10.1007/JHEP01(2019)154",
      eprint         = "1812.04066",
      archivePrefix  = "arXiv",
      primaryClass   = "hep-ex",
      reportNumber   = "CMS-SUS-17-012, CERN-EP-2018-277",
      SLACcitation   = "%%CITATION = ARXIV:1812.04066;%%"
}
@article{Beenakker:1999xh,
      author         = "Beenakker, W. and Klasen, M. and Kramer, M. and Plehn, T.
                        and Spira, M. and Zerwas, P. M.",
      title          = "{The Production of charginos / neutralinos and sleptons
                        at hadron colliders}",
      journal        = "Phys. Rev. Lett.",
      volume         = "83",
      year           = "1999",
      pages          = "3780-3783",
      doi            = "10.1103/PhysRevLett.100.029901,
                        10.1103/PhysRevLett.83.3780",
      note           = "[Erratum: Phys. Rev. Lett.100,029901(2008)]",
      eprint         = "hep-ph/9906298",
      archivePrefix  = "arXiv",
      primaryClass   = "hep-ph",
      reportNumber   = "CERN-TH-99-159, DESY-99-055, DTP-99-44, MADPH-99-1114,
                        ANL-HEP-PR-99-71",
      SLACcitation   = "%%CITATION = HEP-PH/9906298;%%"
}
@article{Fuks:2012qx,
      author         = "Fuks, Benjamin and Klasen, Michael and Lamprea, David R.
                        and Rothering, Marcel",
      title          = "{Gaugino production in proton-proton collisions at a
                        center-of-mass energy of 8 TeV}",
      journal        = "JHEP",
      volume         = "10",
      year           = "2012",
      pages          = "081",
      doi            = "10.1007/JHEP10(2012)081",
      eprint         = "1207.2159",
      archivePrefix  = "arXiv",
      primaryClass   = "hep-ph",
      reportNumber   = "IPHC-PHENO-12-07, MS-TP-12-05",
      SLACcitation   = "%%CITATION = ARXIV:1207.2159;%%"
}
@article{Fuks:2013vua,
      author         = "Fuks, Benjamin and Klasen, Michael and Lamprea, David R.
                        and Rothering, Marcel",
      title          = "{Precision predictions for electroweak superpartner
                        production at hadron colliders with Resummino}",
      journal        = "Eur. Phys. J.",
      volume         = "C73",
      year           = "2013",
      pages          = "2480",
      doi            = "10.1140/epjc/s10052-013-2480-0",
      eprint         = "1304.0790",
      archivePrefix  = "arXiv",
      primaryClass   = "hep-ph",
      reportNumber   = "CERN-PH-TH-2013-064, IPHC-PHENO-13-02, MS-TP-13-06",
      SLACcitation   = "%%CITATION = ARXIV:1304.0790;%%"
}

@thesis{Meyer:2239058,
      author        = "Meyer, Ralf and Feld, Lutz Werner",
      title         = "{Studies of the misidentification probability of electrons
                       as photons with the CMS experiment in data recorded in
                       2015}",
      year          = "2016",
      reportNumber  = "CERN-THESIS-2016-204",
      url           = "https://cds.cern.ch/record/2239058",
      note          = "Presented 2016",
}
@ARTICLE{bib-cls,
  AUTHOR         = {Read, A. L.},
  TITLE          ={Presentation of search results: the {$CL_s$} technique},
  JOURNAL        = {J. Phys. G},
  VOLUME         = {28},
  PAGES          = {2693},
  YEAR           = {2002},
  doi            = {10.1088/0954-3899/28/10/313},
      SLACcitation   = "%%CITATION = INSPIRE-599622;%%",
}
@online{btagEffTwiki,
author = "{CMS Collaboration}",
title = {CMS SUSY Results: Objects Efficiency},
url = {https://twiki.cern.ch/twiki/bin/view/CMSPublic/SUSMoriond2017ObjectsEfficiency},
}
@article{CMS-DP-2018-028,
      title         = "{Jet energy scale and resolution performance with 13 TeV
                       data collected by CMS in 2016}",
      collaboration = "CMS Collaboration",
      month         = "Jun",
      year          = "2018",
      reportNumber  = "CMS-DP-2018-028",
      url           = "http://cds.cern.ch/record/2622157",
}
@article{CMS-DP-2016-020,
      title         = "{Jet energy scale and resolution performances with 13TeV
                       data}",
      month         = "Jun",
      year          = "2016",
      reportNumber  = "CMS-DP-2016-020",
      url           = "https://cds.cern.ch/record/2160347",
}
@article{Chatrchyan:2012xi,
      author         = "Chatrchyan, Serguei and others",
      title          = "{Performance of CMS muon reconstruction in $pp$ collision
                        events at $\sqrt{s}=7$ TeV}",
      collaboration  = "CMS",
      journal        = "JINST",
      volume         = "7",
      year           = "2012",
      pages          = "P10002",
      doi            = "10.1088/1748-0221/7/10/P10002",
      eprint         = "1206.4071",
      archivePrefix  = "arXiv",
      primaryClass   = "physics.ins-det",
      reportNumber   = "CMS-MUO-10-004, CERN-PH-EP-2012-173",
      SLACcitation   = "%%CITATION = ARXIV:1206.4071;%%"
}
@article{Fruhwirth:2007hz,
      author         = "Fruhwirth, R. and Waltenberger, W. and Vanlaer, P.",
      title          = "{Adaptive vertex fitting}",
      journal        = "J. Phys.",
      volume         = "G34",
      year           = "2007",
      pages          = "N343",
      doi            = "10.1088/0954-3899/34/12/N01",
      reportNumber   = "CERN-CMS-NOTE-2007-008, CMS-NOTE-2007-008",
      SLACcitation   = "%%CITATION = JPAGA,G34,N343;%%"
}
@ARTICLE{a726788, 
author={K. {Rose}}, 
journal={Proceedings of the IEEE}, 
title={Deterministic annealing for clustering, compression, classification, regression, and related optimization problems}, 
year={1998}, 
volume={86}, 
number={11}, 
pages={2210-2239}, 
doi={10.1109/5.726788}, 
ISSN={0018-9219}, 
month={Nov},
}
@article{Chatrchyan:2014fea,
      author         = "Chatrchyan, Serguei and others",
      title          = "{Description and performance of track and primary-vertex
                        reconstruction with the CMS tracker}",
      collaboration  = "CMS",
      journal        = "JINST",
      volume         = "9",
      year           = "2014",
      number         = "10",
      pages          = "P10009",
      doi            = "10.1088/1748-0221/9/10/P10009",
      eprint         = "1405.6569",
      archivePrefix  = "arXiv",
      primaryClass   = "physics.ins-det",
      reportNumber   = "CMS-TRK-11-001, CERN-PH-EP-2014-070",
      SLACcitation   = "%%CITATION = ARXIV:1405.6569;%%"
}
@article{Adam_2005,
	doi = {10.1088/0954-3899/31/9/n01},
	url = {https://doi.org/10.1088%2F0954-3899%2F31%2F9%2Fn01},
	year = 2005,
	month = {jul},
	publisher = {{IOP} Publishing},
	volume = {31},
	number = {9},
	pages = {N9--N20},
	author = {W Adam and R Fr√ºhwirth and A Strandlie and T Todorov},
	title = {Reconstruction of electrons with the Gaussian-sum filter in the {CMS} tracker at the {LHC}},
	journal = {Journal of Physics G: Nuclear and Particle Physics},
}
@article{Chatrchyan:2013sba,
      author         = "Chatrchyan, Serguei and others",
      title          = "{The Performance of the CMS Muon Detector in
                        Proton-Proton Collisions at $\sqrt{s}$ = 7 TeV at the
                        LHC}",
      collaboration  = "CMS",
      journal        = "JINST",
      volume         = "8",
      year           = "2013",
      pages          = "P11002",
      doi            = "10.1088/1748-0221/8/11/P11002",
      eprint         = "1306.6905",
      archivePrefix  = "arXiv",
      primaryClass   = "physics.ins-det",
      reportNumber   = "CMS-MUO-11-001, CERN-PH-EP-2013-072",
      SLACcitation   = "%%CITATION = ARXIV:1306.6905;%%"
}
@article{Sirunyan:2018fpa,
      author         = "Sirunyan, A. M. and others",
      title          = "{Performance of the CMS muon detector and muon
                        reconstruction with proton-proton collisions at
                        $\sqrt{s}=$ 13 TeV}",
      collaboration  = "CMS",
      journal        = "JINST",
      volume         = "13",
      year           = "2018",
      number         = "06",
      pages          = "P06015",
      doi            = "10.1088/1748-0221/13/06/P06015",
      eprint         = "1804.04528",
      archivePrefix  = "arXiv",
      primaryClass   = "physics.ins-det",
      reportNumber   = "CMS-MUO-16-001, CERN-EP-2018-058",
      SLACcitation   = "%%CITATION = ARXIV:1804.04528;%%"
}
@article{Collaboration_2010,
	doi = {10.1088/1748-0221/5/03/t03012},
	url = {https://doi.org/10.1088%2F1748-0221%2F5%2F03%2Ft03012},
	year = 2010,
	month = {mar},
	publisher = {{IOP} Publishing},
	volume = {5},
	number = {03},
	pages = {T03012--T03012},
	author = {CMS Collaboration},
	title = {Performance of the {CMS} hadron calorimeter with cosmic ray muons and {LHC} beam data},
	journal = {Journal of Instrumentation},
}
@article{Collaboration_2014,
	doi = {10.1088/1748-0221/9/10/p10009},
	url = {https://doi.org/10.1088%2F1748-0221%2F9%2F10%2Fp10009},
	year = 2014,
	month = {oct},
	publisher = {{IOP} Publishing},
	volume = {9},
	number = {10},
	pages = {P10009--P10009},
	author = {The CMS Collaboration},
	title = {Description and performance of track and primary-vertex reconstruction with the {CMS} tracker},
	journal = {Journal of Instrumentation},
}
@online{LHCfaq,
ALTauthor = {CERN},
title = {LHC faq},
date = {2017},
url = {https://home.cern/resources/brochure/accelerators/lhc-facts-and-figures},
OPTsubtitle = {CERN-Brochure},
OPTorganization = {CERN},
OPTyear = {2017},
}
@online{lumicms,
author = "{CMS Collaboration}",
title = {Public CMS Luminosity Information},
url = {https://twiki.cern.ch/twiki/bin/view/CMSPublic/LumiPublicResults#2016_proton_proton_collisions},
}
@article{Haffner:1621894,
      author        = "Haffner, Julie",
      title         = "{The CERN accelerator complex. Complexe des
                       acc√©l√©rateurs du CERN}",
      month         = "Oct",
      year          = "2013",
      reportNumber  = "OPEN-PHO-ACCEL-2013-056",
      url           = "https://cds.cern.ch/record/1621894",
      note          = "General Photo",
}
@book{Bruning:782076,
      author        = "Br√ºning, Oliver Sim and Collier, Paul and Lebrun, P and
                       Myers, Stephen and Ostojic, Ranko and Poole, John and
                       Proudlock, Paul",
      title         = "{LHC Design Report}",
      publisher     = "CERN",
      address       = "Geneva",
      series        = "CERN Yellow Reports: Monographs",
      year          = "2004",
      url           = "https://cds.cern.ch/record/782076",
}
@article{Ruderman:2011vv,
      author         = "Ruderman, Joshua T. and Shih, David",
      title          = "{General Neutralino NLSPs at the Early LHC}",
      journal        = "JHEP",
      volume         = "08",
      year           = "2012",
      pages          = "159",
      doi            = "10.1007/JHEP08(2012)159",
      eprint         = "1103.6083",
      archivePrefix  = "arXiv",
      primaryClass   = "hep-ph",
      SLACcitation   = "%%CITATION = ARXIV:1103.6083;%%"
}
@article{Knapen:2016exe,
      author         = "Knapen, Simon and Redigolo, Diego",
      title          = "{Gauge mediation at the LHC: status and prospects}",
      journal        = "JHEP",
      volume         = "01",
      year           = "2017",
      pages          = "135",
      doi            = "10.1007/JHEP01(2017)135",
      eprint         = "1606.07501",
      archivePrefix  = "arXiv",
      primaryClass   = "hep-ph",
      SLACcitation   = "%%CITATION = ARXIV:1606.07501;%%"
}
@article{Dine:1993yw,
      author         = "Dine, Michael and Nelson, Ann E.",
      title          = "{Dynamical supersymmetry breaking at low-energies}",
      journal        = "Phys. Rev.",
      volume         = "D48",
      year           = "1993",
      pages          = "1277-1287",
      doi            = "10.1103/PhysRevD.48.1277",
      eprint         = "hep-ph/9303230",
      archivePrefix  = "arXiv",
      primaryClass   = "hep-ph",
      reportNumber   = "SCIPP-93-03, UCSD-PTH-93-05",
      SLACcitation   = "%%CITATION = HEP-PH/9303230;%%"
}
@article{Dine:1994vc,
      author         = "Dine, Michael and Nelson, Ann E. and Shirman, Yuri",
      title          = "{Low-energy dynamical supersymmetry breaking simplified}",
      journal        = "Phys. Rev.",
      volume         = "D51",
      year           = "1995",
      pages          = "1362-1370",
      doi            = "10.1103/PhysRevD.51.1362",
      eprint         = "hep-ph/9408384",
      archivePrefix  = "arXiv",
      primaryClass   = "hep-ph",
      reportNumber   = "SCIPP-94-21, UW-PT-94-07",
      SLACcitation   = "%%CITATION = HEP-PH/9408384;%%"
}
@article{Dine:1995ag,
      author         = "Dine, Michael and Nelson, Ann E. and Nir, Yosef and
                        Shirman, Yuri",
      title          = "{New tools for low-energy dynamical supersymmetry
                        breaking}",
      journal        = "Phys. Rev.",
      volume         = "D53",
      year           = "1996",
      pages          = "2658-2669",
      doi            = "10.1103/PhysRevD.53.2658",
      eprint         = "hep-ph/9507378",
      archivePrefix  = "arXiv",
      primaryClass   = "hep-ph",
      reportNumber   = "SCIPP-95-32, UW-PT-95-08, WIS-95-29-JUL-PH",
      SLACcitation   = "%%CITATION = HEP-PH/9507378;%%"
}
@article{Giudice:1998bp,
      author         = "Giudice, G. F. and Rattazzi, R.",
      title          = "{Theories with gauge mediated supersymmetry breaking}",
      journal        = "Phys. Rept.",
      volume         = "322",
      year           = "1999",
      pages          = "419-499",
      doi            = "10.1016/S0370-1573(99)00042-3",
      eprint         = "hep-ph/9801271",
      archivePrefix  = "arXiv",
      primaryClass   = "hep-ph",
      reportNumber   = "CERN-TH-97-380",
      SLACcitation   = "%%CITATION = HEP-PH/9801271;%%"
}
@article{Grajek:2013ola,
      author         = "Grajek, Phill and Mariotti, Alberto and Redigolo, Diego",
      title          = "{Phenomenology of General Gauge Mediation in light of a
                        125 GeV Higgs}",
      journal        = "JHEP",
      volume         = "07",
      year           = "2013",
      pages          = "109",
      doi            = "10.1007/JHEP07(2013)109",
      eprint         = "1303.0870",
      archivePrefix  = "arXiv",
      primaryClass   = "hep-ph",
      reportNumber   = "IPPP-13-13, DCPT-13-26",
      SLACcitation   = "%%CITATION = ARXIV:1303.0870;%%"
}
@article{ELLIS1984453,
title = "Supersymmetric relics from the big bang",
journal = "Nuclear Physics B",
volume = "238",
number = "2",
pages = "453 - 476",
year = "1984",
issn = "0550-3213",
doi = "https://doi.org/10.1016/0550-3213(84)90461-9",
url = "http://www.sciencedirect.com/science/article/pii/0550321384904619",
author = "John Ellis and J.S. Hagelin and D.V. Nanopoulos and K. Olive and M. Srednicki",
}
@article{PhysRevLett.102.141801,
  title = {Search for Proton Decay via $p\ensuremath{\rightarrow}{e}^{+}{\ensuremath{\pi}}^{0}$ and $p\ensuremath{\rightarrow}{\ensuremath{\mu}}^{+}{\ensuremath{\pi}}^{0}$ in a Large Water Cherenkov Detector},
  author = {Nishino, H. and Clark, S. and Abe, K. and Hayato, Y. and Iida, T. and Ikeda, M. and Kameda, J. and Kobayashi, K. and Koshio, Y. and Miura, M. and Moriyama, S. and Nakahata, M. and Nakayama, S. and Obayashi, Y. and Ogawa, H. and Sekiya, H. and Shiozawa, M. and Suzuki, Y. and Takeda, A. and Takenaga, Y. and Takeuchi, Y. and Ueno, K. and Ueshima, K. and Watanabe, H. and Yamada, S. and Hazama, S. and Higuchi, I. and Ishihara, C. and Kajita, T. and Kaneyuki, K. and Mitsuka, G. and Okumura, K. and Tanimoto, N. and Vagins, M. R. and Dufour, F. and Kearns, E. and Litos, M. and Raaf, J. L. and Stone, J. L. and Sulak, L. R. and Wang, W. and Goldhaber, M. and Dazeley, S. and Svoboda, R. and Bays, K. and Casper, D. and Cravens, J. P. and Kropp, W. R. and Mine, S. and Regis, C. and Smy, M. B. and Sobel, H. W. and Ganezer, K. S. and Hill, J. and Keig, W. E. and Jang, J. S. and Kim, J. Y. and Lim, I. T. and Fechner, M. and Scholberg, K. and Walter, C. W. and Wendell, R. and Tasaka, S. and Learned, J. G. and Matsuno, S. and Watanabe, Y. and Hasegawa, T. and Ishida, T. and Ishii, T. and Kobayashi, T. and Nakadaira, T. and Nakamura, K. and Nishikawa, K. and Oyama, Y. and Sakashita, K. and Sekiguchi, T. and Tsukamoto, T. and Suzuki, A. T. and Minamino, A. and Nakaya, T. and Yokoyama, M. and Fukuda, Y. and Itow, Y. and Tanaka, T. and Jung, C. K. and Lopez, G. and McGrew, C. and Terri, R. and Yanagisawa, C. and Tamura, N. and Idehara, Y. and Sakuda, M. and Kuno, Y. and Yoshida, M. and Kim, S. B. and Yang, B. S. and Ishizuka, T. and Okazawa, H. and Choi, Y. and Seo, H. K. and Furuse, Y. and Nishijima, K. and Yokosawa, Y. and Koshiba, M. and Totsuka, Y. and Chen, S. and Heng, Y. and Yang, Z. and Zhang, H. and Kielczewska, D. and Thrane, E. and Wilkes, R. J.},
  collaboration = {Super-Kamiokande Collaboration},
  journal = {Phys. Rev. Lett.},
  volume = {102},
  issue = {14},
  pages = {141801},
  numpages = {5},
  year = {2009},
  month = {Apr},
  publisher = {American Physical Society},
  doi = {10.1103/PhysRevLett.102.141801},
  url = {https://link.aps.org/doi/10.1103/PhysRevLett.102.141801}
}

@thesis{Rizzi:2646377,
      author        = "Rizzi, Chiara and Juste Rozas, Aurelio and Casado Lechuga,
                       Maria Pilar",
      title         = "{Searches for supersymmetric particles in final states
                       with multiple top and bottom quarks with the ATLAS
                       detector}",
      year          = "2018",
      reportNumber  = "CERN-THESIS-2018-231",
      url           = "http://cds.cern.ch/record/2646377",
      note          = "Presented 15 Oct 2018",
}
@inbook{baer_tata_2006,
	 place={Cambridge}, 
	 title={The Minimal Supersymmetric Standard Model},
	 DOI={10.1017/CBO9780511617270.009},
	 booktitle={Weak Scale Supersymmetry: From Superfields to Scattering Events}, 
	 publisher={Cambridge University Press}, 
	 author={Baer, Howard and Tata, Xerxes}, 
	 year={2006}, 
	 pages={127‚Äì189}
	 }
@article{PhysRevD.98.030001,
  title = {Review of Particle Physics},
  author = {Tanabashi, M. and Hagiwara, K. and Hikasa, K. and others},
  collaboration = {Particle Data Group},
  journal = {Phys. Rev. D},
  volume = {98},
  issue = {3},
  pages = {030001},
  numpages = {1898},
  year = {2018},
  month = {Aug},
  publisher = {American Physical Society},
  doi = {10.1103/PhysRevD.98.030001},
  url = {https://link.aps.org/doi/10.1103/PhysRevD.98.030001}
}

@article{Noether1918,
author = {Noether, E.},
journal = {Nachrichten von der Gesellschaft der Wissenschaften zu G√∂ttingen, Mathematisch-Physikalische Klasse},
language = {ger},
pages = {235-257},
title = {Invariante Variationsprobleme},
url = {http://eudml.org/doc/59024},
volume = {1918},
year = {1918},
}

@book{Halzen:1984mc,
      author         = "Halzen, F. and Martin, Alan D.",
      title          = "{QUARKS AND LEPTONS: AN INTRODUCTORY COURSE IN MODERN
                        PARTICLE PHYSICS}",
      journal        = "New York, Usa: Wiley ( 1984) 396p",
      year           = "1984",
      ISBN           = "0471887412, 9780471887416",
      SLACcitation   = "%%CITATION = INSPIRE-205394;%%"
}

@article{PhysRevLett.30.1343,
  title = {Ultraviolet Behavior of Non-Abelian Gauge Theories},
  author = {Gross, David J. and Wilczek, Frank},
  journal = {Phys. Rev. Lett.},
  volume = {30},
  issue = {26},
  pages = {1343--1346},
  numpages = {0},
  year = {1973},
  month = {Jun},
  publisher = {American Physical Society},
  doi = {10.1103/PhysRevLett.30.1343},
  url = {https://link.aps.org/doi/10.1103/PhysRevLett.30.1343}
}

@article{PhysRevLett.30.1346,
  title = {Reliable Perturbative Results for Strong Interactions?},
  author = {Politzer, H. David},
  journal = {Phys. Rev. Lett.},
  volume = {30},
  issue = {26},
  pages = {1346--1349},
  numpages = {0},
  year = {1973},
  month = {Jun},
  publisher = {American Physical Society},
  doi = {10.1103/PhysRevLett.30.1346},
  url = {https://link.aps.org/doi/10.1103/PhysRevLett.30.1346}
}

@article{PhysRevLett.19.1264,
  title = {A Model of Leptons},
  author = {Weinberg, Steven},
  journal = {Phys. Rev. Lett.},
  volume = {19},
  issue = {21},
  pages = {1264--1266},
  numpages = {0},
  year = {1967},
  month = {Nov},
  publisher = {American Physical Society},
  doi = {10.1103/PhysRevLett.19.1264},
  url = {https://link.aps.org/doi/10.1103/PhysRevLett.19.1264}
}
@Article{Salam1959,
author="Salam, Abdus
and Ward, J. C.",
title="Weak and electromagnetic interactions",
journal="Il Nuovo Cimento (1955-1965)",
year="1959",
month="Feb",
day="01",
volume="11",
number="4",
pages="568--577",
issn="1827-6121",
doi="10.1007/BF02726525",
url="https://doi.org/10.1007/BF02726525"
}
@article{Glashow:1959wxa,
      author         = "Glashow, Sheldon L.",
      title          = "{The renormalizability of vector meson interactions}",
      journal        = "Nucl. Phys.",
      volume         = "10",
      year           = "1959",
      pages          = "107-117",
      doi            = "10.1016/0029-5582(59)90196-8",
      SLACcitation   = "%%CITATION = NUPHA,10,107;%%"
}
@book{MartinShaw,
author = {B.R. Martin and G. Shaw},
title = {Particle Physics},
date = {December 3, 2008},
edition = {3},
publisher = {John Wiley \& Sons},
}
@article{BANNER1983476,
title = "Observation of single isolated electrons of high transverse momentum in events with missing transverse energy at the CERN pp collider",
journal = "Physics Letters B",
volume = "122",
number = "5",
pages = "476 - 485",
year = "1983",
issn = "0370-2693",
doi = "https://doi.org/10.1016/0370-2693(83)91605-2",
url = "http://www.sciencedirect.com/science/article/pii/0370269383916052",
author = "M. Banner and others",
}
@article{BAGNAIA1983130,
title = "Evidence for $Z^0 \rightarrow e^{+}e^{-}$ CERN pp collider",
journal = "Physics Letters B",
volume = "129",
number = "1",
pages = "130 - 140",
year = "1983",
issn = "0370-2693",
doi = "https://doi.org/10.1016/0370-2693(83)90744-X",
url = "http://www.sciencedirect.com/science/article/pii/037026938390744X",
author = "P. Bagnaia and others",
}
@article{ARNISON1983103,
title = "Experimental observation of isolated large transverse energy electrons with associated missing energy at $\sqrt{s}=540$ GeV",
journal = "Physics Letters B",
volume = "122",
number = "1",
pages = "103 - 116",
year = "1983",
issn = "0370-2693",
doi = "https://doi.org/10.1016/0370-2693(83)91177-2",
url = "http://www.sciencedirect.com/science/article/pii/0370269383911772",
author = "G. Arnison and others",
}
@article{1983398,
title = "Experimental observation of lepton pairs of invariant mass around 95 GeV$/c^2$ at the CERN SPS collider",
journal = "Physics Letters B",
volume = "126",
number = "5",
pages = "398 - 410",
year = "1983",
issn = "0370-2693",
doi = "https://doi.org/10.1016/0370-2693(83)90188-0",
url = "http://www.sciencedirect.com/science/article/pii/0370269383901880",
author = "G. Arnison and others",
}
@article{Higgs:1964pj,
      author         = "Higgs, Peter W.",
      title          = "{Broken Symmetries and the Masses of Gauge Bosons}",
      journal        = "Phys. Rev. Lett.",
      volume         = "13",
      year           = "1964",
      pages          = "508-509",
      doi            = "10.1103/PhysRevLett.13.508",
      note           = "[,160(1964)]",
      SLACcitation   = "%%CITATION = PRLTA,13,508;%%"
}
@article{Englert:1964et,
      author         = "Englert, F. and Brout, R.",
      title          = "{Broken Symmetry and the Mass of Gauge Vector Mesons}",
      journal        = "Phys. Rev. Lett.",
      volume         = "13",
      year           = "1964",
      pages          = "321-323",
      doi            = "10.1103/PhysRevLett.13.321",
      note           = "[,157(1964)]",
      SLACcitation   = "%%CITATION = PRLTA,13,321;%%"
}
@article{Chatrchyan:2012xdj,
      author         = "Chatrchyan, Serguei and others",
      title          = "{Observation of a new boson at a mass of 125 GeV with the
                        CMS experiment at the LHC}",
      collaboration  = "CMS",
      journal        = "Phys. Lett.",
      volume         = "B716",
      year           = "2012",
      pages          = "30-61",
      doi            = "10.1016/j.physletb.2012.08.021",
      eprint         = "1207.7235",
      archivePrefix  = "arXiv",
      primaryClass   = "hep-ex",
      reportNumber   = "CMS-HIG-12-028, CERN-PH-EP-2012-220",
      SLACcitation   = "%%CITATION = ARXIV:1207.7235;%%"
}
@unpublished{SMxsec,
author = {{CMS Collaboration}},
title = {Summaries of CMS cross section measurements},
date = {Jan 2019},
url = {https://twiki.cern.ch/twiki/bin/view/CMSPublic/PhysicsResultsCombined},
}
%%%%%%%%%%%%%%%%%%%%
@article{Sirunyan:2017nyt,
      author         = "Sirunyan, Albert M and others",
      title          = "{Search for gauge-mediated supersymmetry in events with
                        at least one photon and missing transverse momentum in pp
                        collisions at $\sqrt{s} = $ 13 TeV}",
      collaboration  = "CMS",
      journal        = "Phys. Lett. B",
      volume         = "780",
      year           = "2018",
      pages          = "118",
      doi            = "10.1016/j.physletb.2018.02.045",
      eprint         = "1711.08008",
      archivePrefix  = "arXiv",
      primaryClass   = "hep-ex",
      reportNumber   = "CMS-SUS-16-046, CERN-EP-2017-284",
      SLACcitation   = "%%CITATION = ARXIV:1711.08008;%%"
}

@article{Denner:2015fca,
      author         = "Denner, Ansgar and Dittmaier, Stefan and Hecht, Markus
                        and Pasold, Christian",
      title          = "{NLO QCD and electroweak corrections to $Z+\gamma$
                        production with leptonic Z-boson decays}",
      journal        = "JHEP",
      volume         = "02",
      year           = "2016",
      pages          = "057",
      doi            = "10.1007/JHEP02(2016)057",
      eprint         = "1510.08742",
      archivePrefix  = "arXiv",
      primaryClass   = "hep-ph",
      reportNumber   = "FR-PHENO-2015-012",
      SLACcitation   = "%%CITATION = ARXIV:1510.08742;%%"
}

@article{Sirunyan:2017yse,
      author         = "Sirunyan, Albert M and others",
      title          = "Search for supersymmetry in events with at least one
                        photon, missing transverse momentum, and large transverse
                        event activity in proton-proton collisions at $
                        \sqrt{s}=13 $ {TeV}",
      collaboration  = "CMS",
      journal        = "JHEP",
      volume         = "12",
      year           = "2017",
      pages          = "142",
      doi            = "10.1007/JHEP12(2017)142",
      eprint         = "1707.06193",
      archivePrefix  = "arXiv",
      primaryClass   = "hep-ex",
      reportNumber   = "CMS-SUS-16-047, CERN-EP-2017-130",
      SLACcitation   = "%%CITATION = ARXIV:1707.06193;%%"
}

@article{ATLASCollaboration:2016wlb,
      author         = "Aaboud, Morad and others",
      title          = "Search for supersymmetry in a final state containing two
                        photons and missing transverse momentum in $\sqrt{s}$ = 13
                        {TeV} $pp$ collisions at the {LHC} using the {ATLAS} detector",
      collaboration  = "ATLAS",
      journal        = "Eur. Phys. J. C",
      volume         = "76",
      year           = "2016",
      pages          = "517",
      doi            = "10.1140/epjc/s10052-016-4344-x",
      eprint         = "1606.09150",
      archivePrefix  = "arXiv",
      primaryClass   = "hep-ex",
      reportNumber   = "CERN-EP-2016-146",
      SLACcitation   = "%%CITATION = ARXIV:1606.09150;%%"
}

@article{ATLASCollaboration:2018ggm,
      author         = "Aaboud, Morad and others",
      title          = "Search for photonic signatures of gauge-mediated 
                         supersymmetry in 13 {TeV} $pp$ collisions with the {ATLAS} detector",
      collaboration  = "ATLAS",
      journal        = "Phys. Rev. D",
      volume         = "97",
      year           = "2018",
      pages          = "092006",
      doi            = "10.1103/PhysRevD.97.092006",
      eprint         = "1802.03158",
      archivePrefix  = "arXiv",
      primaryClass   = "hep-ex",
      reportNumber   = "CERN-EP-2017-323",
      SLACcitation   = "%%CITATION = ARXIV:1606.09150;%%"
}

@article{Aad:2015zhl,
      author         = "{ATLAS and CMS Collaborations}",
      title          = "Combined Measurement of the {Higgs} Boson Mass in $pp$
                        Collisions at $\sqrt{s}=7$ and 8 {TeV} with the {ATLAS} and
                        {CMS} Experiments",
      collaborations = "ATLAS and CMS",
      journal        = "Phys. Rev. Lett.",
      volume         = "114",
      year           = "2015",
      pages          = "191803",
      doi            = "10.1103/PhysRevLett.114.191803",
      eprint         = "1503.07589",
      archivePrefix  = "arXiv",
      primaryClass   = "hep-ex",
      reportNumber   = "ATLAS-HIGG-2014-14, CMS-HIG-14-042, CERN-PH-EP-2015-075",
      SLACcitation   = "%%CITATION = ARXIV:1503.07589;%%"
}

@article{Sirunyan:2017exp,
      author         = "Sirunyan, Albert M and others",
      title          = "{Measurements of properties of the Higgs boson decaying
                        into the four-lepton final state in pp collisions at $
                        \sqrt{s}=13 $ TeV}",
      collaboration  = "CMS",
      journal        = "JHEP",
      volume         = "11",
      year           = "2017",
      pages          = "047",
      doi            = "10.1007/JHEP11(2017)047",
      eprint         = "1706.09936",
      archivePrefix  = "arXiv",
      primaryClass   = "hep-ex",
      reportNumber   = "CMS-HIG-16-041, CERN-EP-2017-123",
      SLACcitation   = "%%CITATION = ARXIV:1706.09936;%%"
}

@article{1748-0221-3-08-S08001,
    author={Lyndon Evans and Philip Bryant},
    title="{LHC} Machine",
    journal={JINST},
    volume={3},
    pages={S08001},
    doi            = "10.1088/1748-0221/3/08/S08001",
    year={2008},
    abstract={The Large Hadron Collider (LHC) at CERN near Geneva is the world's newest and most powerful tool for Particle Physics research. It is designed to collide proton beams with a centre-of-mass energy of 14 TeV and an unprecedented luminosity of 10 34 cm$^{-2}$s$^{-1}$. It can also collide heavy (Pb) ions with an energy of 2.8 TeV per nucleon and a peak luminosity of 10 27 cm$^{-2}$s$^{-1}$. In this paper, the machine design is described.}
}

@article{Aad:2012tfa,
      author         = "Aad, Georges and others",
      title          = "{Observation of a new particle in the search for the
                        Standard Model Higgs boson with the ATLAS detector at the
                        LHC}",
      collaboration  = "ATLAS",
      journal        = "Phys. Lett. B",
      volume         = "716",
      pages          = "1",
      doi            = "10.1016/j.physletb.2012.08.020",
      year           = "2012",
      eprint         = "1207.7214",
      archivePrefix  = "arXiv",
      primaryClass   = "hep-ex",
      reportNumber   = "CERN-PH-EP-2012-218",
      SLACcitation   = "%%CITATION = ARXIV:1207.7214;%%",
}

@article{Chatrchyan:2012ufa,
      author         = "Chatrchyan, Serguei and others",
      title          = "{Observation of a new boson at a mass of 125 GeV with the
                        CMS experiment at the LHC}",
      collaboration  = "CMS",
      journal        = "Phys. Lett. B",
      volume         = "716",
      pages          = "30",
      doi            = "10.1016/j.physletb.2012.08.021",
      year           = "2012",
      eprint         = "1207.7235",
      archivePrefix  = "arXiv",
      primaryClass   = "hep-ex",
      reportNumber   = "CMS-HIG-12-028, CERN-PH-EP-2012-220",
      SLACcitation   = "%%CITATION = ARXIV:1207.7235;%%",
}


@unpublished{Dobrescu:2015asa,
      author         = "Dobrescu, Bogdan A.",
      title          = "Leptophobic boson signals with leptons, jets and missing
                        energy",
      year           = "2015",
      eprint         = "1506.04435",
      archivePrefix  = "arXiv",
      primaryClass   = "hep-ph",
      reportNumber   = "FERMILAB-PUB-15-259-T",
      SLACcitation   = "%%CITATION = ARXIV:1506.04435;%%",
}

@article{Dobrescu:2014fca,
      author         = "Dobrescu, Bogdan A. and Frugiuele, Claudia",
      title          = "{Hidden GeV-scale interactions of quarks}",
      journal        = "Phys. Rev. Lett.",
      volume         = "113",
      year           = "2014",
      pages          = "061801",
      doi            = "10.1103/PhysRevLett.113.061801",
      eprint         = "1404.3947",
      archivePrefix  = "arXiv",
      primaryClass   = "hep-ph",
      reportNumber   = "FERMILAB-PUB-14-098-T",
      SLACcitation   = "%%CITATION = ARXIV:1404.3947;%%"
}

@article{Barman:2016kgt,
      author         = "Barman, Rahool K. and Bhattacherjee, Biplob and
                        Chakraborty, Amit and Choudhury, Arghya",
      title          = "{Study of MSSM heavy Higgs bosons decaying into charginos
                        and neutralinos}",
      journal        = "Phys. Rev. D",
      volume         = "94",
      year           = "2016",
      pages          = "075013",
      doi            = "10.1103/PhysRevD.94.075013",
      eprint         = "1607.00676",
      archivePrefix  = "arXiv",
      primaryClass   = "hep-ph",
      SLACcitation   = "%%CITATION = ARXIV:1607.00676;%%"
}

@article{Gori:2011hj,
      author         = "Gori, Stefania and Schwaller, Pedro and Wagner, Carlos E.
                        M.",
      title          = "{Search for Higgs bosons in supersymmetric cascade decays and
                        neutralino dark matter}",
      journal        = "Phys. Rev. D",
      volume         = "83",
      year           = "2011",
      pages          = "115022",
      doi            = "10.1103/PhysRevD.83.115022",
      eprint         = "1103.4138",
      archivePrefix  = "arXiv",
      primaryClass   = "hep-ph",
      reportNumber   = "EFI-11-8, ANL-HEP-PR-11-17",
      SLACcitation   = "%%CITATION = ARXIV:1103.4138;%%"
}

@article{Chatrchyan:2013mya,
      author         = "Chatrchyan, Serguei and others",
      title          = "{Search for top squark and higgsino production using
                        diphoton Higgs boson decays}",
      collaboration  = "CMS",
      journal        = "Phys. Rev. Lett.",
      volume         = "112",
      year           = "2014",
      pages          = "161802",
      doi            = "10.1103/PhysRevLett.112.161802",
      eprint         = "1312.3310",
      archivePrefix  = "arXiv",
      primaryClass   = "hep-ex",
      reportNumber   = "CMS-SUS-13-014, CERN-PH-EP-2013-226",
      SLACcitation   = "%%CITATION = ARXIV:1312.3310;%%"
}

@article{Khachatryan:2014mma,
      author         = "Khachatryan, Vardan and others",
      title          = "{Searches for electroweak neutralino and chargino
                        production in channels with Higgs, Z, and W bosons in pp
                        collisions at 8 TeV}",
      collaboration  = "CMS",
      journal        = "Phys. Rev. D",
      volume         = "90",
      year           = "2014",
      pages          = "092007",
      doi            = "10.1103/PhysRevD.90.092007",
      eprint         = "1409.3168",
      archivePrefix  = "arXiv",
      primaryClass   = "hep-ex",
      reportNumber   = "CMS-SUS-14-002, CERN-PH-EP-2014-216",
      SLACcitation   = "%%CITATION = ARXIV:1409.3168;%%"
}

@article{Aad:2012jva,
	author		= "Aad, Georges and others",
	title		= "{Search for supersymmetry in events with photons, bottom quarks, and missing
			transverse momentum in proton-proton collisions at a centre-of-mass energy of 7
			TeV with the ATLAS detector}",
	collaboration	= "ATLAS",
	journal		= "Phys. Lett. B",
	volume		= "719",
	year		= "2013",
	pages		= "261",
	doi		= "10.1016/j.physletb.2013.01.041",
	eprint		= "1211.1167",
	archivePrefix	= "arXiv",
	reportNumber	= "CERN-PH-EP-2012-308",
	SLACcitation 	= "%%CITATION = ARXIV:1211.1167;%%"
}


@article{CMS-PRF-14-001,
      author         = "Sirunyan, A. M. and others",
      title          = "Particle-flow reconstruction and global event description with the {CMS} detector",
      collaboration  = "CMS",
      journal     = "JINST",
      volume    = "12",
      year         = "2017",
      pages      = "P10003",
      doi           = "10.1088/1748-0221/12/10/P10003",
      eprint         = "1706.04965",
      archivePrefix  = "arXiv",
      primaryClass   = "physics.ins-det",
      reportNumber   = "CMS-PRF-14-001, CERN-EP-2017-110",
      SLACcitation   = "%%CITATION = ARXIV:1706.04965;%%",
}


@Techreport{CMS-TDR-15-02,
      AUTHOR      = "{CMS Collaboration}",
      COLLABORATION = "{CMS}",
      institution    = "CERN",
      TITLE       = "Technical proposal for the Phase-II upgrade
                     of the Compact Muon Solenoid",
      URL         = "http://cds.cern.ch/record/2020886",
      TYPE        = "CMS Technical proposal",
      NUMBER      = "CERN-LHCC-2015-010, CMS-TDR-15-02",
      YEAR        = "2015"
}
@article{Frederix:2012ps,
      author         = "Frederix, Rikkert and Frixione, Stefano",
      title          = "{Merging meets matching in MC@NLO}",
      journal        = "JHEP",
      volume         = "12",
      year           = "2012",
      pages          = "061",
      doi            = "10.1007/JHEP12(2012)061",
      eprint         = "1209.6215",
      archivePrefix  = "arXiv",
      primaryClass   = "hep-ph",
      reportNumber   = "CERN-PH-TH-2012-247, ZU-TH-21-12",
      SLACcitation   = "%%CITATION = ARXIV:1209.6215;%%"
}
@article{Alwall:2007fs,
      author         = "Alwall, J. and H{\"o}che, S. and Krauss, F. and Lavesson, N. and L{\"o}nnblad, L. and Maltoni, F. and Mangano, M. L. and Moretti, M. and Papadopoulos, C. G. and Piccinini, F. and Schumann, S. and Treccani, M. and Winter, J. and Worek, M.",
      title          = "{Comparative study of various algorithms for the merging
                        of parton showers and matrix elements in hadronic
                        collisions}",
      journal        = "Eur. Phys. J. C",
      volume         = "53",
      year           = "2008",
      pages          = "473",
      doi            = "10.1140/epjc/s10052-007-0490-5",
      eprint         = "0706.2569",
      archivePrefix  = "arXiv",
      primaryClass   = "hep-ph",
      reportNumber   = "SLAC-PUB-12604, CERN-PH-TH-2007-066, LU-TP-07-13,
                        KA-TP-06-2007, DCPT-07-62, IPPP-07-31",
      SLACcitation   = "%%CITATION = ARXIV:0706.2569;%%"
}
@Techreport{CMS-PAS-JME-16-004,
      AUTHOR      = "{CMS Collaboration}",
      COLLABORATION = "{CMS}",
      TITLE       = "{Performance of missing energy reconstruction in 13 TeV pp
                     collision data using the {CMS} detector}",
      URL         = "http://cds.cern.ch/record/2205284",
      TYPE        = "CMS Physics Analysis Summary",
      NUMBER      = "CMS-PAS-JME-16-004",
      YEAR        = "2016"
}
@article{Rehermann:2010vq,
      author         = "Rehermann, Keith and Tweedie, Brock",
      title          = "Efficient identification of boosted semileptonic top
                        quarks at the {LHC}",
      journal        = "JHEP",
      volume         = "03",
      year           = "2011",
      pages          = "059",
      doi            = "10.1007/JHEP03(2011)059",
      eprint         = "1007.2221",
      archivePrefix  = "arXiv",
      primaryClass   = "hep-ph",
      SLACcitation   = "%%CITATION = ARXIV:1007.2221;%%"
}
@Techreport{CMS-NOTE-2017-001,
      AUTHOR      = "{CMS Collaboration}",
      COLLABORATION = "{CMS}",
      institution    = "CERN",
      TITLE       = {Simplified likelihood for the re-interpretation of public CMS results},
      URL         = "https://cds.cern.ch/record/2242860",
      TYPE        = "CMS NOTE",
      NUMBER      = "CMS-NOTE-17-001",
      YEAR        = "2017"
}
@article{Khachatryan:2016kdb,
      author         = "Khachatryan, Vardan and others",
      title          = "{Jet energy scale and resolution in the CMS experiment in
                        pp collisions at 8 TeV}",
      collaboration  = "CMS",
      journal        = "JINST",
      volume         = "12",
      year           = "2017",
      pages          = "P02014",
      doi            = "10.1088/1748-0221/12/02/P02014",
      eprint         = "1607.03663",
      archivePrefix  = "arXiv",
      primaryClass   = "hep-ex",
      reportNumber   = "CMS-JME-13-004, CERN-PH-EP-2015-305",
      SLACcitation   = "%%CITATION = ARXIV:1607.03663;%%"
}
@Techreport{CMS-PAS-LUM-17-001,
      AUTHOR      = "{CMS Collaboration}",
      COLLABORATION = "{CMS}",
      TITLE       = "{CMS} Luminosity Measurements for the 2016 Data Taking Period",
      URL         = "https://cds.cern.ch/record/2257069",
      TYPE        = "CMS Physics Analysis Summary",
      NUMBER      = "CMS-PAS-LUM-17-001",
      YEAR        = "2017"
}
@Techreport{CMS-PAS-LUM-15-001,
      AUTHOR      = "{CMS Collaboration}",
      COLLABORATION = "{CMS}",
      institution    = "CERN",
      TITLE       = {CMS luminosity measurement for the 2015 data-taking period},
      URL         = "https://cds.cern.ch/record/2138682",
      TYPE        = "CMS Physics Analysis Summary",
      NUMBER      = "CMS-PAS-LUM-15-001",
      YEAR        = "2017"
}
@article{Khachatryan:2016dvc,
      author         = "Khachatryan, Vardan and others",
      title          = "{A search for new phenomena in pp collisions at
                        $\sqrt{s}=13$ TeV in final states with missing
                        transverse momentum and at least one jet using the
                        ${\alpha_{\text{T}}}$ variable}",
      collaboration  = "CMS",
      year           = "2017",
      doi            = "10.1140/epjc/s10052-017-4787-8",
      journal = "Eur. Phys. J. C",
      volume = "77",
      pages = "294",
      eprint         = "1611.00338",
      archivePrefix  = "arXiv",
      primaryClass   = "hep-ex",
      reportNumber   = "CMS-SUS-15-005, CERN-EP-2016-246",
      SLACcitation   = "%%CITATION = ARXIV:1611.00338;%%",
}
@article{Khachatryan:2016bia,
      author         = "Khachatryan, Vardan and others",
      title          = "{The CMS trigger system}",
      collaboration  = "CMS",
      journal        = "JINST",
      volume         = "12",
      year           = "2017",
      pages          = "P01020",
      doi            = "10.1088/1748-0221/12/01/P01020",
      eprint         = "1609.02366",
      archivePrefix  = "arXiv",
      primaryClass   = "physics.ins-det",
      reportNumber   = "CMS-TRG-12-001, CERN-EP-2016-160",
      SLACcitation   = "%%CITATION = ARXIV:1609.02366;%%"
}
@article{Aaboud:2016zdn,
      author         = "Aaboud, Morad and others",
      title          = "{Search for squarks and gluinos in final states with jets
                        and missing transverse momentum at $\sqrt{s} =$ 13 TeV
                        with the ATLAS detector}",
      collaboration  = "ATLAS",
      journal        = "Eur. Phys. J. C",
      volume         = "76",
      year           = "2016",
      pages          = "392",
      doi            = "10.1140/epjc/s10052-016-4184-8",
      eprint         = "1605.03814",
      archivePrefix  = "arXiv",
      primaryClass   = "hep-ex",
      reportNumber   = "CERN-EP-2016-080",
      SLACcitation   = "%%CITATION = ARXIV:1605.03814;%%"
}
@article{Aad:2016eki,
      author         = "Aad, Georges and others",
      title          = "{Search for pair production of gluinos decaying via stop
                        and sbottom in events with $b$-jets and large missing
                        transverse momentum in $pp$ collisions at $\sqrt{s} = 13$
                        TeV with the ATLAS detector}",
      collaboration  = "ATLAS",
      journal        = "Phys. Rev. D",
      volume         = "94",
      year           = "2016",
      pages          = "032003",
      doi            = "10.1103/PhysRevD.94.032003",
      eprint         = "1605.09318",
      archivePrefix  = "arXiv",
      primaryClass   = "hep-ex",
      reportNumber   = "CERN-EP-2016-061",
      SLACcitation   = "%%CITATION = ARXIV:1605.09318;%%"
}
@article{Khachatryan:2016epu,
      author         = "Khachatryan, Vardan and others",
      title          = "Inclusive search for supersymmetry using razor variables
                        in $pp$ collisions at {$\sqrt{s}= 13$ TeV}",
      collaboration  = "CMS",
      journal        = "Phys. Rev. D",
      volume         = "95",
      year           = "2017",
      pages          = "012003",
      doi            = "10.1103/PhysRevD.95.012003",
      eprint         = "1609.07658",
      archivePrefix  = "arXiv",
      primaryClass   = "hep-ex",
      reportNumber   = "CMS-SUS-15-004, CERN-EP-2016-214",
      SLACcitation   = "%%CITATION = ARXIV:1609.07658;%%"
}
@article{Khachatryan:2016xvy,
      author         = "Khachatryan, Vardan and others",
      title          = "{Search for new physics with the M$_{\text{T2}}$ variable in
                        all-jets final states produced in pp collisions at
                        $\sqrt{s}=13$ TeV}",
      collaboration  = "CMS",
      journal        = "JHEP",
      volume         = "10",
      year           = "2016",
      pages          = "006",
      doi            = "10.1007/JHEP10(2016)006",
      eprint         = "1603.04053",
      archivePrefix  = "arXiv",
      primaryClass   = "hep-ex",
      reportNumber   = "CMS-SUS-15-003, CERN-EP-2016-067",
      SLACcitation   = "%%CITATION = ARXIV:1603.04053;%%"
}
@article{Barbieri:1987fn,
      author         = "Barbieri, Riccardo and Giudice, G. F.",
      title          = "Upper bounds on supersymmetric particle masses",
      journal        = "Nucl. Phys. B",
      volume         = "306",
      year           = "1988",
      pages          = "63",
      doi            = "10.1016/0550-3213(88)90171-X",
      reportNumber   = "CERN-TH-4825/87",
      SLACcitation   = "%%CITATION = NUPHA,B306,63;%%"
}
@article{Butterworth:2015oua,
      author         = "Butterworth, Jon and others",
      title          = "{PDF4LHC recommendations for LHC Run II}",
      journal        = "J. Phys. G",
      volume         = "43",
      year           = "2016",
      pages          = "023001",
      doi            = "10.1088/0954-3899/43/2/023001",
      eprint         = "1510.03865",
      archivePrefix  = "arXiv",
      primaryClass   = "hep-ph",
      reportNumber   = "OUTP-15-17P, SMU-HEP-15-12, TIF-UNIMI-2015-14,
                        LCTS-2015-27, CERN-PH-TH-2015-249",
      SLACcitation   = "%%CITATION = ARXIV:1510.03865;%%"
}
@article{Khachatryan:2016kdk,
      author         = "Khachatryan, Vardan and others",
      title          = "{Search for supersymmetry in the multijet and missing
                        transverse momentum final state in pp collisions at 13
                        TeV}",
      collaboration  = "CMS",
      journal        = "Phys. Lett. B",
      volume         = "758",
      year           = "2016",
      pages          = "152",
      doi            = "10.1016/j.physletb.2016.05.002",
      eprint         = "1602.06581",
      archivePrefix  = "arXiv",
      primaryClass   = "hep-ex",
      reportNumber   = "CMS-SUS-15-002, CERN-EP-2016-036,
                        FERMILAB-PUB-16-056-CMS",
      SLACcitation   = "%%CITATION = ARXIV:1602.06581;%%"
}
@Techreport{CMS-PAS-BTV-15-001,
      AUTHOR      = "{CMS Collaboration}",
      COLLABORATION = "{CMS}",
      institution    = "CERN",
      TITLE       = "{Identification of {$\cPqb$} quark jets at the {CMS} experiment
                     in the LHC Run~2}",
      URL         = "https://cds.cern.ch/record/2138504",
      TYPE        = "CMS Physics Analysis Summary",
      NUMBER      = "CMS-PAS-BTV-15-001",
      YEAR        = "2016"
}
@article{Khachatryan:2015pwa,
      author         = "Khachatryan, Vardan and others",
      title          = "{Search for supersymmetry using razor variables in events
                        with b-tagged jets in pp collisions at $\sqrt{s} =8$~TeV}",
      collaboration  = "CMS",
      journal        = "Phys. Rev. D",
      volume         = "91",
      year           = "2015",
      pages          = "052018",
      doi            = "10.1103/PhysRevD.91.052018",
      eprint         = "1502.00300",
      archivePrefix  = "arXiv",
      primaryClass   = "hep-ex",
      reportNumber   = "CMS-SUS-13-004, CERN-PH-EP-2015-005",
      SLACcitation   = "%%CITATION = ARXIV:1502.00300;%%"
}
@article{Aad:2015iea,
      author         = "Aad, Georges and others",
      title          = "{Summary of the searches for squarks and gluinos using
                        $\sqrt{s}=8$~TeV $pp$ collisions with the ATLAS experiment
                        at the LHC}",
      collaboration  = "ATLAS",
      journal        = "JHEP",
      volume         = "10",
      year           = "2015",
      pages          = "054",
      doi            = "10.1007/JHEP10(2015)054",
      eprint         = "1507.05525",
      archivePrefix  = "arXiv",
      primaryClass   = "hep-ex",
      reportNumber   = "CERN-PH-EP-2015-162",
      SLACcitation   = "%%CITATION = ARXIV:1507.05525;%%"
}
@article{Chatrchyan:2013sba,
      author         = "Chatrchyan, Serguei and others",
      title          = "{The performance of the CMS muon detector in
                        proton-proton collisions at $\sqrt{s} = 7\TeV$ at the LHC}",
      collaboration  = "CMS",
      journal        = "JINST",
      volume         = "08",
      year           = "2013",
      pages          = "P11002",
      doi            = "10.1088/1748-0221/8/11/P11002",
      eprint         = "1306.6905",
      archivePrefix  = "arXiv",
      primaryClass   = "physics.ins-det",
      reportNumber   = "CMS-MUO-11-001, CERN-PH-EP-2013-072",
      SLACcitation   = "%%CITATION = ARXIV:1306.6905;%%"
}
@article{Khachatryan:2015hwa,
      author         = "Khachatryan, Vardan and others",
      title          = "Performance of electron reconstruction and selection
                        with the {CMS} detector in proton-proton collisions at
                        $\sqrt{s}= 8$ {TeV}",
      collaboration  = "CMS",
      journal        = "JINST",
      volume         = "10",
      year           = "2015",
      pages          = "P06005",
      doi            = "10.1088/1748-0221/10/06/P06005",
      eprint         = "1502.02701",
      archivePrefix  = "arXiv",
      primaryClass   = "physics.ins-det",
      reportNumber   = "CMS-EGM-13-001, CERN-PH-EP-2015-004",
      SLACcitation   = "%%CITATION = ARXIV:1502.02701;%%"
}
@article{Borschensky:2014cia,
      author         = "Borschensky, Christoph and Kr{\"a}mer, Michael and Kulesza,
                        Anna and Mangano, Michelangelo and Padhi, Sanjay and
                        Plehn, Tilman and Portell, Xavier",
      title          = "{Squark and gluino production cross sections in pp
                        collisions at $\sqrt{s}$ = 13, 14, 33 and 100 TeV}",
      journal        = "Eur. Phys. J. C",
      volume         = "74",
      year           = "2014",
      pages          = "3174",
      doi            = "10.1140/epjc/s10052-014-3174-y",
      eprint         = "1407.5066",
      archivePrefix  = "arXiv",
      primaryClass   = "hep-ph",
      reportNumber   = "MS-TP-14-25, CERN-PH-TH-2014-137, TTK-14-13",
      SLACcitation   = "%%CITATION = ARXIV:1407.5066;%%"
}
@article{Gavin:2010az,
      author         = "Gavin, Ryan and Li, Ye and Petriello, Frank and
                        Quackenbush, Seth",
      title          = "{FEWZ} 2.0: A code for hadronic {Z} production at
                        next-to-next-to-leading order",
      journal        = "Comput. Phys. Commun.",
      volume         = "182",
      year           = "2011",
      pages          = "2388",
      doi            = "10.1016/j.cpc.2011.06.008",
      eprint         = "1011.3540",
      archivePrefix  = "arXiv",
      primaryClass   = "hep-ph",
      reportNumber   = "ANL-HEP-PR-10-60",
      SLACcitation   = "%%CITATION = ARXIV:1011.3540;%%"
}
@article{Gavin:2012sy,
      author         = "Gavin, Ryan and Li, Ye and Petriello, Frank and
                        Quackenbush, Seth",
      title          = "W Physics at the {LHC} with {FEWZ} 2.1",
      journal        = "Comput. Phys. Commun.",
      volume         = "184",
      year           = "2013",
      pages          = "208",
      doi            = "10.1016/j.cpc.2012.09.005",
      eprint         = "1201.5896",
      archivePrefix  = "arXiv",
      primaryClass   = "hep-ph",
      reportNumber   = "ANL-HEP-PR-11-83, NUHEP-TH-12-01, PSI-PR-12-01",
      SLACcitation   = "%%CITATION = ARXIV:1201.5896;%%"
}
@article{Czakon:2013goa,
      author         = "Czakon, Micha{\l} and Fiedler, Paul and Mitov, Alexander",
      title          = "Total Top-Quark Pair-Production Cross Section at Hadron
                        Colliders Through {$O(\alpha_S^4)$}",
      journal        = "Phys. Rev. Lett.",
      volume         = "110",
      year           = "2013",
      pages          = "252004",
      doi            = "10.1103/PhysRevLett.110.252004",
      eprint         = "1303.6254",
      archivePrefix  = "arXiv",
      primaryClass   = "hep-ph",
      reportNumber   = "CERN-PH-TH-2013-056, TTK-13-08",
      SLACcitation   = "%%CITATION = ARXIV:1303.6254;%%"
}
@article{Czakon:2012pz,
      author         = "Czakon, Micha{\l} and Mitov, Alexander",
      title          = "{NNLO corrections to top pair production at hadron
                        colliders: the quark-gluon reaction}",
      journal        = "JHEP",
      volume         = "01",
      year           = "2013",
      pages          = "080",
      doi            = "10.1007/JHEP01(2013)080",
      eprint         = "1210.6832",
      archivePrefix  = "arXiv",
      primaryClass   = "hep-ph",
      reportNumber   = "CERN-PH-TH-2012-286",
      SLACcitation   = "%%CITATION = ARXIV:1210.6832;%%"
}
@article{Czakon:2012zr,
      author         = "Czakon, Michal and Mitov, Alexander",
      title          = "{NNLO corrections to top-pair production at hadron
                        colliders: the all-fermionic scattering channels}",
      journal        = "JHEP",
      volume         = "12",
      year           = "2012",
      pages          = "054",
      doi            = "10.1007/JHEP12(2012)054",
      eprint         = "1207.0236",
      archivePrefix  = "arXiv",
      primaryClass   = "hep-ph",
      reportNumber   = "CERN-PH-TH-2012-181",
      SLACcitation   = "%%CITATION = ARXIV:1207.0236;%%"
}
@article{Baernreuther:2012ws,
      author         = {B{\"{a}}rnreuther, Peter and Czakon, Michal and Mitov,
                        Alexander},
      title          = "Percent-Level-Precision Physics at the {Tevatron}: Next-to-Next-to-Leading Order {QCD} Corrections to {$q\bar{q}\to t\bar{t} +
                        X$}",
      journal        = "Phys. Rev. Lett.",
      volume         = "109",
      year           = "2012",
      pages          = "132001",
      doi            = "10.1103/PhysRevLett.109.132001",
      eprint         = "1204.5201",
      archivePrefix  = "arXiv",
      primaryClass   = "hep-ph",
      reportNumber   = "CERN-PH-TH-2012-092",
      SLACcitation   = "%%CITATION = ARXIV:1204.5201;%%"
}
@article{Cacciari:2011hy,
      author         = "Cacciari, Matteo and Czakon, Michal and Mangano,
                        Michelangelo and Mitov, Alexander and Nason, Paolo",
      title          = "{Top-pair production at hadron colliders with
                        next-to-next-to-leading logarithmic soft-gluon
                        resummation}",
      journal        = "Phys. Lett. B",
      volume         = "710",
      year           = "2012",
      pages          = "612",
      doi            = "10.1016/j.physletb.2012.03.013",
      eprint         = "1111.5869",
      archivePrefix  = "arXiv",
      primaryClass   = "hep-ph",
      reportNumber   = "CERN-PH-TH-2011-277, TTK-11-54",
      SLACcitation   = "%%CITATION = ARXIV:1111.5869;%%"
}

@article{Beneke:2011mq,
      author         = "Beneke, M. and Falgari, P. and Klein, S. and Schwinn, C.",
      title          = "{Hadronic top-quark pair production with NNLL threshold
                        resummation}",
      journal        = "Nucl. Phys. B",
      volume         = "855",
      year           = "2012",
      pages          = "695",
      doi            = "10.1016/j.nuclphysb.2011.10.021",
      eprint         = "1109.1536",
      archivePrefix  = "arXiv",
      primaryClass   = "hep-ph",
      reportNumber   = "TTK-11-38, ITP-UU-11-26, SPIN-11-19, FR-PHENO-2011-015,
                        SFB-CPP-11-49",
      SLACcitation   = "%%CITATION = ARXIV:1109.1536;%%"
}
@article{Chatrchyan:2013sza,
      author         = "Chatrchyan, Serguei and others",
      title          = "{Interpretation of searches for supersymmetry with
                        simplified models}",
      collaboration  = "CMS",
      journal        = "Phys. Rev. D",
      volume         = "88",
      year           = "2013",
      pages          = "052017",
      doi            = "10.1103/PhysRevD.88.052017",
      eprint         = "1301.2175",
      archivePrefix  = "arXiv",
      primaryClass   = "hep-ex",
      reportNumber   = "CMS-SUS-11-016, CERN-PH-EP-2012-351",
      SLACcitation   = "%%CITATION = ARXIV:1301.2175;%%"
}
@article{Catani:2003zt,
      author         = "Catani, Stefano and de Florian, Daniel and Grazzini,
                        Massimiliano and Nason, Paolo",
      title          = "{Soft gluon resummation for Higgs boson production at
                        hadron colliders}",
      journal        = "JHEP",
      volume         = "07",
      year           = "2003",
      pages          = "028",
      doi            = "10.1088/1126-6708/2003/07/028",
      eprint         = "hep-ph/0306211",
      archivePrefix  = "arXiv",
      primaryClass   = "hep-ph",
      reportNumber   = "BICOCCA-FT-03-12, CERN-TH-2003-117",
      SLACcitation   = "%%CITATION = HEP-PH/0306211;%%"
}
@article{Cacciari:2003fi,
      author         = "Cacciari, M. and Frixione, S. and Mangano, M. L. and
                        Nason, P. and Ridolfi, G.",
      title          = "The $t\bar{t}$ cross-section at {1.8 TeV and 1.96 TeV}: a
                        study of the systematics due to parton densities and scale
                        dependence",
      journal        = "JHEP",
      volume         = "04",
      year           = "2004",
      pages          = "068",
      doi            = "10.1088/1126-6708/2004/04/068",
      eprint         = "hep-ph/0303085",
      archivePrefix  = "arXiv",
      primaryClass   = "hep-ph",
      reportNumber   = "CERN-TH-2003-054",
      SLACcitation   = "%%CITATION = HEP-PH/0303085;%%"
}
@article{Chatrchyan:2013xna,
      author         = "Chatrchyan, Serguei and others",
      title          = "{Search for top-squark pair production in the
                        single-lepton final state in pp collisions at $\sqrt{s}$ =
                        8 TeV}",
      collaboration  = "CMS",
      journal        = "Eur.  Phys.  J. C",
      volume         = "73",
      year           = "2013",
      pages          = "2677",
      doi            = "10.1140/epjc/s10052-013-2677-2",
      eprint         = "1308.1586",
      archivePrefix  = "arXiv",
      primaryClass   = "hep-ex",
      reportNumber   = "CMS-SUS-13-011, CERN-PH-EP-2013-148",
      SLACcitation   = "%%CITATION = ARXIV:1308.1586;%%"
}
@article{Ball:2014uwa,
      author         = "Ball, Richard D. and others",
      title          = "{Parton distributions for the LHC Run II}",
      collaboration  = "NNPDF",
      journal        = "JHEP",
      volume         = "04",
      year           = "2015",
      pages          = "040",
      doi            = "10.1007/JHEP04(2015)040",
      eprint         = "1410.8849",
      archivePrefix  = "arXiv",
      primaryClass   = "hep-ph",
      reportNumber   = "EDINBURGH-2014-15, IFUM-1034-FT, CERN-PH-TH-2013-253,
                        OUTP-14-11P, CAVENDISH-HEP-14-11",
      SLACcitation   = "%%CITATION = ARXIV:1410.8849;%%"
}
@article{Sjostrand:2014zea,
      author         = {Sj{\"o}strand, Torbj{\"o}rn and Ask, Stefan and Christiansen,
                        Jesper R. and Corke, Richard and Desai, Nishita and Ilten,
                        Philip and Mrenna, Stephen and Prestel, Stefan and
                        Rasmussen, Christine O. and Skands, Peter Z.},
      title          = "An introduction to {PYTHIA 8.2}",
      journal        = "Comput. Phys. Commun.",
      volume         = "191",
      year           = "2015",
      pages          = "159",
      doi            = "10.1016/j.cpc.2015.01.024",
      eprint         = "1410.3012",
      archivePrefix  = "arXiv",
      primaryClass   = "hep-ph",
      reportNumber   = "LU-TP-14-36, MCNET-14-22, CERN-PH-TH-2014-190,
                        FERMILAB-PUB-14-316-CD, DESY-14-178, SLAC-PUB-16122,
                        --FERMILAB-PUB-14-316-CD",
      SLACcitation   = "%%CITATION = ARXIV:1410.3012;%%"
}
@techreport{cms-note-2011-005,
      author = "{ATLAS and CMS Collaborations, LHC Higgs Combination Group}",
      collaborations = "ATLAS and CMS",
      institution    = "CERN",
      title        = "{Procedure for the LHC Higgs boson search combination
                       in Summer 2011}",
      url          = "https://cds.cern.ch/record/1379837",
      number       = "CMS-NOTE-2011-005, ATL-PHYS-PUB-2011-11",
      year         = "2011",
      SLACcitation   = "%%CITATION = ATL-PHYS-PUB-2011-011;%%"
}
@article{Cowan:2010js,
      author         = "Cowan, Glen and Cranmer, Kyle and Gross, Eilam and
                        Vitells, Ofer",
      title          = "{Asymptotic formulae for likelihood-based tests of new
                        physics}",
      journal        = "Eur. Phys. J.",
      volume         = "C71",
      year           = "2011",
      pages          = "1554",
      doi            = "10.1140/epjc/s10052-011-1554-0,
                        10.1140/epjc/s10052-013-2501-z",
      note           = "[Erratum: Eur. Phys. J.C73,2501(2013)]",
      eprint         = "1007.1727",
      archivePrefix  = "arXiv",
      primaryClass   = "physics.data-an",
      SLACcitation   = "%%CITATION = ARXIV:1007.1727;%%"
}
@article{Khachatryan:2015vra,
      author         = "Khachatryan, Vardan and others",
      title          = "{Searches for supersymmetry using the M$_{T2}$ variable
                        in hadronic events produced in pp collisions at 8~TeV}",
      collaboration  = "CMS",
      journal        = "JHEP",
      volume         = "05",
      year           = "2015",
      pages          = "078",
      doi            = "10.1007/JHEP05(2015)078",
      eprint         = "1502.04358",
      archivePrefix  = "arXiv",
      primaryClass   = "hep-ex",
      reportNumber   = "CMS-SUS-13-019, CERN-PH-EP-2015-017",
      SLACcitation   = "%%CITATION = ARXIV:1502.04358;%%"
}
@article{Chatrchyan:2012rg,
      author         = "Chatrchyan, Serguei and others",
      title          = "{Search for supersymmetry in events with b-quark jets and
                        missing transverse energy in pp collisions at 7 TeV}",
      collaboration  = "CMS",
      journal        = "Phys. Rev. D",
      volume         = "86",
      year           = "2012",
      pages          = "072010",
      doi            = "10.1103/PhysRevD.86.072010",
      eprint         = "1208.4859",
      archivePrefix  = "arXiv",
      primaryClass   = "hep-ex",
      reportNumber   = "CMS-SUS-12-003, CERN-PH-EP-2012-240",
      SLACcitation   = "%%CITATION = ARXIV:1208.4859;%%"
}
@article{Chatrchyan:2012lia,
      author         = "Chatrchyan, Serguei and others",
      title          = "Search for New Physics in the Multijet and Missing
                        Transverse Momentum Final State in Proton-Proton
                        Collisions at {$\sqrt{s} = 7$ TeV}",
      collaboration  = "CMS",
      journal        = "Phys. Rev. Lett.",
      volume         = "109",
      year           = "2012",
      pages          = "171803",
      doi            = "10.1103/PhysRevLett.109.171803",
      eprint         = "1207.1898",
      archivePrefix  = "arXiv",
      primaryClass   = "hep-ex",
      reportNumber   = "CMS-SUS-12-011, CERN-PH-EP-2012-184",
      SLACcitation   = "%%CITATION = ARXIV:1207.1898;%%"
}
@article{Collaboration:2011ida,
      author         = "Chatrchyan, Serguei and others",
      title          = "{Search for new physics with jets and missing transverse
                        momentum in pp collisions at $\sqrt{s}=7$ TeV}",
      collaboration  = "CMS",
      journal        = "JHEP",
      volume         = "08",
      year           = "2011",
      pages          = "155",
      doi            = "10.1007/JHEP08(2011)155",
      eprint         = "1106.4503",
      archivePrefix  = "arXiv",
      primaryClass   = "hep-ex",
      reportNumber   = "CERN-PH-EP-2011-065, CMS-SUS-10-005",
      SLACcitation   = "%%CITATION = ARXIV:1106.4503;%%"
}
@article{Arnison:1983rp,
      author         = "Arnison, G. and others",
      title          = "Experimental observation of isolated large transverse
                        energy electrons with associated missing energy at
                        {$\sqrt{s}= 540$~GeV}",
      collaboration  = "UA1",
      journal        = "Phys. Lett. B",
      volume         = "122",
      year           = "1983",
      pages          = "103",
      doi            = "10.1016/0370-2693(83)91177-2",
      reportNumber   = "CERN-EP-83-13",
      SLACcitation   = "%%CITATION = PHLTA,B122,103;%%"
}
@article{Chatrchyan:2013lba,
      author         = "Chatrchyan, Serguei and others",
      title          = "{Observation of a new boson with mass near 125 GeV in pp
                        collisions at $\sqrt{s}$ = 7 and 8 TeV}",
      collaboration  = "CMS",
      journal        = "JHEP",
      volume         = "06",
      pages          = "081",
      doi            = "10.1007/JHEP06(2013)081",
      year           = "2013",
      eprint         = "1303.4571",
      archivePrefix  = "arXiv",
      primaryClass   = "hep-ex",
      reportNumber   = "CMS-HIG-12-036, CERN-PH-EP-2013-035",
      SLACcitation   = "%%CITATION = ARXIV:1303.4571;%%",
}

@article{Chatrchyan:2014lfa,
      author         = "Chatrchyan, Serguei and others",
      title          = "{Search for new physics in the multijet and missing
                        transverse momentum final state in proton-proton
                        collisions at $\sqrt{s}= 8$ TeV}",
      collaboration  = "CMS",
      journal        = "JHEP",
      volume         = "06",
      year           = "2014",
      pages          = "055",
      doi            = "10.1007/JHEP06(2014)055",
      eprint         = "1402.4770",
      archivePrefix  = "arXiv",
      primaryClass   = "hep-ex",
      reportNumber   = "CMS-SUS-13-012, CERN-PH-EP-2014-015",
      SLACcitation   = "%%CITATION = ARXIV:1402.4770;%%"
}
@article{Chatrchyan:2013wxa,
      author         = "Chatrchyan, Serguei and others",
      title          = "{Search for gluino mediated bottom- and top-squark
                        production in multijet final states in pp collisions at 8~TeV}",
      collaboration  = "CMS",
      journal        = "Phys. Lett. B",
      volume         = "725",
      year           = "2013",
      pages          = "243",
      doi            = "10.1016/j.physletb.2013.06.058",
      eprint         = "1305.2390",
      archivePrefix  = "arXiv",
      primaryClass   = "hep-ex",
      reportNumber   = "CMS-SUS-12-024, CERN-PH-EP-2013-076",
      SLACcitation   = "%%CITATION = ARXIV:1305.2390;%%"
}
@article{Campbell:2011bn,
      author         = "Campbell, John M. and Ellis, R. Keith and Williams,
                        Ciaran",
      title          = "{Vector boson pair production at the {LHC}}",
      journal        = "JHEP",
      volume         = "07",
      pages          = "018",
      doi            = "10.1007/JHEP07(2011)018",
      year           = "2011",
      eprint         = "1105.0020",
      archivePrefix  = "arXiv",
      primaryClass   = "hep-ph",
      reportNumber   = "FERMILAB-PUB-11-182-T",
      SLACcitation   = "%%CITATION = ARXIV:1105.0020;%%",
}
@unpublished{Kidonakis:2012db,
      author         = "Kidonakis, Nikolaos",
      title          = "{Differential and total cross sections for top pair and
                        single top production}",
      year           = "2012",
      eprint         = "1205.3453",
      archivePrefix  = "arXiv",
      primaryClass   = "hep-ph",
      SLACcitation   = "%%CITATION = ARXIV:1205.3453;%%",
}
@article{Kidonakis:2011wy,
      author         = "Kidonakis, Nikolaos",
      title          = "{Next-to-next-to-leading-order collinear and soft gluon
                        corrections for t-channel single top quark production}",
      journal        = "Phys. Rev. D",
      volume         = "83",
      pages          = "091503",
      doi            = "10.1103/PhysRevD.83.091503",
      year           = "2011",
      eprint         = "1103.2792",
      archivePrefix  = "arXiv",
      primaryClass   = "hep-ph",
      SLACcitation   = "%%CITATION = ARXIV:1103.2792;%%",
}
@article{Ball:2011mu,
      author         = "Ball, Richard D. and Bertone, Valerio and Cerutti,
                        Francesco and Del Debbio, Luigi and Forte, Stefano and
                        Guffanti, Alberto and Latorre, Jos{\'e} I. and Rojo, Juan and Ubiali, Maria",
      title          = "{Impact of heavy quark masses on parton distributions and
                        {LHC} phenomenology}",
      journal        = "Nucl. Phys. B",
      volume         = "849",
      pages          = "296",
      doi            = "10.1016/j.nuclphysb.2011.03.021",
      year           = "2011",
      eprint         = "1101.1300",
      archivePrefix  = "arXiv",
      primaryClass   = "hep-ph",
      SLACcitation   = "%%CITATION = ARXIV:1101.1300;%%"
}
@article{Martin:2009iq,
      author         = "Martin, A. D. and Stirling, W. J. and Thorne, R. S. and
                        Watt, G.",
      title          = "{Parton distributions for the {LHC}}",
      journal        = "Eur. Phys. J. C",
      volume         = "63",
      pages          = "189",
      doi            = "10.1140/epjc/s10052-009-1072-5",
      year           = "2009",
      eprint         = "0901.0002",
      archivePrefix  = "arXiv",
      primaryClass   = "hep-ph",
      SLACcitation   = "%%CITATION = ARXIV:0901.0002;%%"
}
@article{Brust:2011tb,
      author         = "Brust, Christopher and Katz, Andrey and Lawrence, Scott
                        and Sundrum, Raman",
      title          = "{SUSY, the third generation and the LHC}",
      journal        = "JHEP",
      volume         = "03",
      pages          = "103",
      doi            = "10.1007/JHEP03(2012)103",
      year           = "2012",
      eprint         = "1110.6670",
      archivePrefix  = "arXiv",
      primaryClass   = "hep-ph",
      reportNumber   = "UMD-PP-011-017",
      SLACcitation   = "%%CITATION = ARXIV:1110.6670;%%"
}
@article{Chatrchyan:2011ds,
      author         = "Chatrchyan, Serguei and others",
      title          = "{Determination of jet energy calibration and transverse
                        momentum resolution in {CMS}}",
      collaboration  = "CMS",
      journal        = "JINST",
      volume         = "6",
      pages          = "P11002",
      doi            = "10.1088/1748-0221/6/11/P11002",
      year           = "2011",
      eprint         = "1107.4277",
      archivePrefix  = "arXiv",
      primaryClass   = "physics.ins-det",
      reportNumber   = "CERN-PH-EP-2011-102, CMS-JME-10-011",
      SLACcitation   = "%%CITATION = ARXIV:1107.4277;%%"
}
@article{Cacciari:2011ma,
      author         = "Cacciari, Matteo and Salam, Gavin P. and Soyez, Gregory",
      title          = "{FastJet} user manual",
      journal        = "Eur. Phys. J. C",
      volume         = "72",
      pages          = "1896",
      doi            = "10.1140/epjc/s10052-012-1896-2",
      year           = "2012",
      eprint         = "1111.6097",
      archivePrefix  = "arXiv",
      primaryClass   = "hep-ph",
      reportNumber   = "CERN-PH-TH-2011-297",
      SLACcitation   = "%%CITATION = ARXIV:1111.6097;%%"
}
@article{Frixione:2002ik,
      author         = "Frixione, Stefano and Webber, Bryan R.",
      title          = "{Matching {NLO} {QCD} computations and parton shower
                        simulations}",
      journal        = "JHEP",
      volume         = "06",
      pages          = "029",
      year           = "2002",
      doi            = "10.1088/1126-6708/2002/06/029",
      eprint         = "hep-ph/0204244",
      archivePrefix  = "arXiv",
      primaryClass   = "hep-ph",
      reportNumber   = "CAVENDISH-HEP-02-01, LAPTH-905-02, GEF-TH-2-2002",
      SLACcitation   = "%%CITATION = HEP-PH/0204244;%%"
}
@unpublished{Kramer:2012bx,
      author         = "Kr{\"{a}}mer, Michael and Kulesza, Anna and van der Leeuw,
                        Robin and Mangano, Michelangelo and Padhi, Sanjay and
                        Plehn, Tilman and Portell, Xavier",
      title          = "{Supersymmetry production cross sections in pp
                        collisions at $\sqrt{s}=7$~TeV}",
      year           = "2012",
      eprint         = "1206.2892",
      archivePrefix  = "arXiv",
      SLACcitation   = "%%CITATION = ARXIV:1206.2892;%%"
}
@article{Aad:2011kp,
      author         = "Aad, Georges and others",
      title          = "{Measurement of the cross section for the production of a
                        W boson in association with  b jets in pp
                        collisions at $\sqrt{s}=7$ TeV with the ATLAS detector}",
      collaboration  = "ATLAS",
      journal        = "Phys. Lett. B",
      volume         = "707",
      pages          = "418",
      doi            = "10.1016/j.physletb.2011.12.046",
      year           = "2012",
      eprint         = "1109.1470",
      archivePrefix  = "arXiv",
      primaryClass   = "hep-ex",
      reportNumber   = "CERN-PH-EP-2011-132",
      SLACcitation   = "%%CITATION = ARXIV:1109.1470;%%"
}
@article{Chatrchyan:2012yva,
      author         = "Chatrchyan, Serguei and others",
      title          = "{Evidence for associated production of a single top quark
                        and W boson in pp collisions at 7 TeV}",
      collaboration  = "CMS",
      journal        = "Phys. Rev. Lett.",
      volume         = "110",
      pages          = "022003",
      doi            = "10.1103/PhysRevLett.110.022003",
      year           = "2013",
      eprint         = "1209.3489",
      archivePrefix  = "arXiv",
      primaryClass   = "hep-ex",
      reportNumber   = "CMS-TOP-11-022, CERN-PH-EP-2012-266",
      SLACcitation   = "%%CITATION = ARXIV:1209.3489;%%"
}
@article{Orbaker:2010zz,
      author         = "Orbaker, Douglas",
      title          = "{Fast simulation of the {CMS} detector}",
      collaboration  = "CMS",
      journal        = "J. Phys. Conf. Ser.",
      volume         = "219",
      pages          = "032053",
      doi            = "10.1088/1742-6596/219/3/032053",
      year           = "2010",
      SLACcitation   = "%%CITATION = 00462,219,032053;%%"
}
@TECHREPORT{bib-cms-fastsim-02,
  AUTHOR      = "{CMS Collaboration}",
  COLLABORATION = "CMS",
  institution    = "CERN",
  TITLE       = "Comparison of the fast simulation of {CMS} with the first {LHC} data",
  URL         = "http://cdsweb.cern.ch/record/1309890",
  TYPE        = "CMS Detector Performance Summary",
  NUMBER      = "CMS-DP-2010-039",
  YEAR        = "2010"
}
@TECHREPORT{CMS-PAS-LUM-12-001,
	AUTHOR      = "{CMS Collaboration}",
	COLLABORATION = "{CMS}",
	institution    = "CERN",
        TITLE       = "CMS luminosity based on pixel cluster counting --
                       summer 2012 update",
	URL         =  "http://cds.cern.ch/record/1482193",
        TYPE        = "CMS Physics Analysis Summary",
        NUMBER      = "CMS-PAS-LUM-12-001",
	YEAR        = "2012"
}
@unpublished{Alekhin:2011sk,
      author         = "Alekhin, Sergey and others",
      title          = "{The PDF4LHC Working Group Interim Report}",
      year           = "2011",
      eprint         = "1101.0536",
      archivePrefix  = "arXiv",
      primaryClass   = "hep-ph",
      SLACcitation   = "%%CITATION = ARXIV:1101.0536;%%"
}
@unpublished{Botje:2011sn,
  author         = {Botje, Michiel and Butterworth, Jon and Cooper-Sarkar, Amanda
                    and de Roeck, Albert and Feltesse, Joel and Forte, Stefano
                    and Glazov,  Alexander and Huston, Joey and McNulty, Ronan and
                    Sj{\"o}strand, Torbj{\"o}rn},
  TITLE          = {The {PDF4LHC} working group interim recommendations},
  year           = {2011},
  eprint         = {1101.0538},
  archivePrefix  = {arXiv},
  SLACcitation   = "%%CITATION = arXiv:1101.0538;%%",
}
@article{Chatrchyan:2011bj,
      author         = "Chatrchyan, Serguei and others",
      title          = "{Search for supersymmetry in events with b jets and
                        missing transverse momentum at the {LHC}}",
      collaboration  = "CMS",
      journal        = "JHEP",
      volume         = "07",
      pages          = "113",
      doi            = "10.1007/JHEP07(2011)113",
      year           = "2011",
      eprint         = "1106.3272",
      archivePrefix  = "arXiv",
      primaryClass   = "hep-ex",
      reportNumber   = "CERN-PH-EP-2011-067, CMS-SUS-10-011",
      SLACcitation   = "%%CITATION = ARXIV:1106.3272;%%"
}
@article{Chatrchyan:2012sa,
      author         = "Chatrchyan, Serguei and others",
      title          = "{Search for new physics in events with same-sign
                        dileptons and b-tagged jets in pp collisions at
                        $\sqrt{s}=7$ TeV}",
      collaboration  = "CMS",
      journal        = "JHEP",
      volume         = "08",
      pages          = "110",
      doi            = "10.1007/JHEP08(2012)110",
      year           = "2012",
      eprint         = "1205.3933",
      archivePrefix  = "arXiv",
      primaryClass   = "hep-ex",
      reportNumber   = "CMS-SUS-11-020, CERN-PH-EP-2012-127",
      SLACcitation   = "%%CITATION = ARXIV:1205.3933;%%"
}
@article{Chatrchyan:2012jx,
      author         = "Chatrchyan, Serguei and others",
      title          = "{Search for supersymmetry in hadronic final states using
                        M$_{\mathrm T2}$ in pp collisions at $\sqrt{s} = 7$ TeV}",
      collaboration  = "CMS",
      journal        = "JHEP",
      volume         = "10",
      pages          = "018",
      doi            = "10.1007/JHEP10(2012)018",
      year           = "2012",
      eprint         = "1207.1798",
      archivePrefix  = "arXiv",
      primaryClass   = "hep-ex",
      reportNumber   = "CMS-SUS-12-002, CERN-PH-EP-2012-058",
      SLACcitation   = "%%CITATION = ARXIV:1207.1798;%%"
}
@article{Chatrchyan:2012wa,
      author         = "Chatrchyan, Serguei and others",
      title          = "{Search for supersymmetry in final states with missing
                        transverse energy and 0, 1, 2, or $\geq 3$ b-quark jets
                        in 7 TeV pp collisions using the variable $\alpha_{\mathrm T}$}",
      collaboration  = "CMS",
      JOURNAL        = {JHEP},
      volume         = "01",
      pages          = "077",
      doi            = "10.1007/JHEP01(2013)077",
      year           = "2013",
      eprint         = "1210.8115",
      archivePrefix  = "arXiv",
      primaryClass   = "hep-ex",
      reportNumber   = "CMS-SUS-11-022, CERN-PH-EP-2012-290",
      SLACcitation   = "%%CITATION = ARXIV:1210.8115;%%"
}
@article{Chatrchyan:2012pca,
      author         = "Chatrchyan, Serguei and others",
      title          = "{Search for supersymmetry in final states with a single
                        lepton, b-quark jets, and missing transverse energy in
                        proton-proton collisions at $\sqrt{s} = 7$ TeV}",
      collaboration  = "CMS ",
      journal        = "Phys. Rev. D",
      volume         = "87",
      pages          = "052006",
      doi            = "10.1103/PhysRevD.87.052006",
      year           = "2013",
      eprint         = "1211.3143",
      archivePrefix  = "arXiv",
      primaryClass   = "hep-ex",
      reportNumber   = "CMS-SUS-11-028, CERN-PH-EP-2012-316",
      SLACcitation   = "%%CITATION = ARXIV:1211.3143;%%"
}
@article{Aad:2011ks,
      author         = "Aad, Georges and others",
      title          = "{Search for supersymmetry in pp collisions at
                        $\sqrt{s}=7$ TeV in final states with missing transverse
                        momentum and b jets}",
      collaboration  = "ATLAS",
      journal        = "Phys. Lett. B",
      volume         = "701",
      pages          = "398",
      doi            = "10.1016/j.physletb.2011.06.015",
      year           = "2011",
      eprint         = "1103.4344",
      archivePrefix  = "arXiv",
      primaryClass   = "hep-ex",
      SLACcitation   = "%%CITATION = ARXIV:1103.4344;%%"
}
@article{Aad:2011cw,
      author         = "Aad, Georges and others",
      title          = "{Search for scalar bottom pair production with the ATLAS
                        detector in pp collisions at $\sqrt{s}=7$ TeV}",
      collaboration  = "ATLAS",
      journal        = "Phys. Rev. Lett.",
      volume         = "108",
      pages          = "181802",
      doi            = "10.1103/PhysRevLett.108.181802",
      year           = "2012",
      eprint         = "1112.3832",
      archivePrefix  = "arXiv",
      primaryClass   = "hep-ex",
      reportNumber   = "CERN-PH-EP-2011-195",
      SLACcitation   = "%%CITATION = ARXIV:1112.3832;%%"
}
@article{ATLAS:2012ah,
      author         = "Aad, Georges and others",
      title          = "{Search for supersymmetry in pp collisions at
                        $\sqrt{s}=7$ TeV in final states with missing transverse
                        momentum and b jets with the ATLAS detector}",
      collaboration  = "ATLAS",
      journal        = "Phys. Rev. D",
      volume         = "85",
      pages          = "112006",
      doi            = "10.1103/PhysRevD.85.112006",
      year           = "2012",
      eprint         = "1203.6193",
      archivePrefix  = "arXiv",
      primaryClass   = "hep-ex",
      reportNumber   = "CERN-PH-EP-2012-052",
      SLACcitation   = "%%CITATION = ARXIV:1203.6193;%%"
}
@article{Aad:2012pq,
      author         = "Aad, Georges and others",
      title          = "{Search for top and bottom squarks from gluino pair
                        production in final states with missing transverse energy
                        and at least three b jets with the {ATLAS} detector}",
      collaboration  = "ATLAS",
      journal        = "Eur. Phys. J. C",
      volume         = "72",
      pages          = "2174",
      doi            = "10.1140/epjc/s10052-012-2174-z",
      year           = "2012",
      eprint         = "1207.4686",
      archivePrefix  = "arXiv",
      primaryClass   = "hep-ex",
      reportNumber   = "CERN-PH-EP-2012-194",
      SLACcitation   = "%%CITATION = ARXIV:1207.4686;%%"
}
@article{Aad:2012si,
      author         = "Aad, Georges and others",
      title          = "{Search for a supersymmetric partner to the top quark in
                        final states with jets and missing transverse momentum at
                        $\sqrt{s}=7$ TeV with the {ATLAS} detector}",
      collaboration  = "ATLAS",
      journal        = "Phys. Rev. Lett.",
      volume         = "109",
      pages          = "211802",
      year           = "2012",
      doi            = "10.1103/PhysRevLett.109.211802",
      eprint         = "1208.1447",
      archivePrefix  = "arXiv",
      primaryClass   = "hep-ex",
      reportNumber   = "CERN-PH-EP-2012-201",
      SLACcitation   = "%%CITATION = ARXIV:1208.1447;%%"
}
@article{Aad:2012ar,
      author         = "Aad, Georges and others",
      title          = "{Search for direct top squark pair production in final
                        states with one isolated lepton, jets, and missing
                        transverse momentum in $\sqrt{s}=7$ TeV pp collisions
                        using 4.7~fb$^{-1}$ of {ATLAS} data}",
      collaboration  = "ATLAS",
      journal        = "Phys. Rev. Lett.",
      volume         = "109",
      pages          = "211803",
      year           = "2012",
      doi            = "10.1103/PhysRevLett.109.211803",
      eprint         = "1208.2590",
      archivePrefix  = "arXiv",
      primaryClass   = "hep-ex",
      reportNumber   = "CERN-PH-EP-2012-200",
      SLACcitation   = "%%CITATION = ARXIV:1208.2590;%%"
}
@article{Aad:2012yr,
      author         = "Aad, Georges and others",
      title          = "{Search for light top squark pair production in final
                        states with leptons and b jets with the ATLAS detector
                        in $\sqrt{s}=7$ TeV proton-proton collisions}",
      collaboration  = "ATLAS",
      journal        = "Phys. Lett. B",
      volume         = "720",
      pages          = "13",
      doi            = "10.1016/j.physletb.2013.01.049",
      year           = "2013",
      eprint         = "1209.2102",
      archivePrefix  = "arXiv",
      primaryClass   = "hep-ex",
      reportNumber   = "CERN-PH-EP-2012-207",
      SLACcitation   = "%%CITATION = ARXIV:1209.2102;%%"
}
@article{Papucci:2011wy,
      author         = "Papucci, Michele and Ruderman, Joshua T. and Weiler,
                        Andreas",
      title          = "{Natural {SUSY} endures}",
      JOURNAL        = {JHEP},
      volume         = "09",
      pages          = "035",
      doi            = "10.1007/JHEP09(2012)035",
      year           = "2012",
      eprint         = "1110.6926",
      archivePrefix  = "arXiv",
      primaryClass   = "hep-ph",
      reportNumber   = "DESY-11-193, CERN-PH-TH-265",
      SLACcitation   = "%%CITATION = ARXIV:1110.6926;%%"
}
@article{Barbieri:2009ev,
      author         = "Barbieri, Riccardo and Pappadopulo, Duccio",
      title          = "{S-particles at their naturalness limits}",
      JOURNAL        = {JHEP},
      volume         = "10",
      pages          = "061",
      doi            = "10.1088/1126-6708/2009/10/061",
      year           = "2009",
      eprint         = "0906.4546",
      archivePrefix  = "arXiv",
      primaryClass   = "hep-ph",
      SLACcitation   = "%%CITATION = ARXIV:0906.4546;%%"
}
@article{Dimopoulos:1995mi,
      author         = "Dimopoulos, S. and Giudice, G. F.",
      title          = "{Naturalness constraints in supersymmetric theories with
                        nonuniversal soft terms}",
      journal        = "Phys. Lett. B",
      volume         = "357",
      pages          = "573",
      doi            = "10.1016/0370-2693(95)00961-J",
      year           = "1995",
      eprint         = "hep-ph/9507282",
      archivePrefix  = "arXiv",
      primaryClass   = "hep-ph",
      reportNumber   = "CERN-TH-95-188",
      SLACcitation   = "%%CITATION = HEP-PH/9507282;%%"
}
@article{Ramond:1971gb,
      author         = "Ramond, Pierre",
      title          = "{Dual theory for free fermions}",
      journal        = "Phys. Rev. D",
      volume         = "3",
      pages          = "2415",
      doi            = "10.1103/PhysRevD.3.2415",
      year           = "1971",
      reportNumber   = "FERMILAB-PUB-70-008-T, FERMILAB-PUB-70-008-THY, THY-8",
      SLACcitation   = "%%CITATION = PHRVA,D3,2415;%%"
}
@article{Golfand:1971iw,
      author         = "Golfand, {\relax Yu}. A. and Likhtman, E. P.",
      title          = "Extension of the algebra of {P}oincar\'{e} group generators
                        and violation of {P} invariance",
      journal        = "JETP Lett.",
      volume         = "13",
      pages          = "323",
      year           = "1971",
      url            = "http://www.jetpletters.ac.ru/ps/1584/article_24309.pdf",
      SLACcitation   = "%%CITATION = JTPLA,13,323;%%"
}
@article{Neveu:1971rx,
      author         = "Neveu, A. and Schwarz, J. H.",
      title          = "{Factorizable dual model of pions}",
      journal        = "Nucl. Phys. B",
      volume         = "31",
      pages          = "86",
      doi            = "10.1016/0550-3213(71)90448-2",
      year           = "1971",
      SLACcitation   = "%%CITATION = NUPHA,B31,86;%%"
}
@article{Volkov:1972jx,
      author         = "Volkov, D. V. and Akulov, V. P.",
      title          = "Possible universal neutrino interaction",
      journal        = "JETP Lett.",
      volume         = "16",
      pages          = "438",
      year           = "1972",
      url            = "http://www.jetpletters.ac.ru/ps/1766/article_26864.pdf",
      SLACcitation   = "%%CITATION = JTPLA,16,438;%%"
}
@article{Wess:1973kz,
      author         = "Wess, J. and Zumino, B.",
      title          = "A {Lagrangian} model invariant under supergauge
                        transformations",
      journal        = "Phys. Lett. B",
      volume         = "49",
      pages          = "52",
      doi            = "10.1016/0370-2693(74)90578-4",
      year           = "1974",
      reportNumber   = "CERN-TH-1794",
      SLACcitation   = "%%CITATION = PHLTA,B49,52;%%"
}
@article{Wess:1974tw,
      author         = "Wess, J. and Zumino, B.",
      title          = "{Supergauge transformations in four dimensions}",
      journal        = "Nucl. Phys. B",
      volume         = "70",
      pages          = "39",
      doi            = "10.1016/0550-3213(74)90355-1",
      year           = "1974",
      SLACcitation   = "%%CITATION = NUPHA,B70,39;%%"
}
@article{Fayet:1974pd,
      author         = "Fayet, Pierre",
      title          = "{Supergauge invariant extension of the {H}iggs mechanism
                        and a model for the electron and its neutrino}",
      journal        = "Nucl. Phys. B",
      volume         = "90",
      pages          = "104",
      doi            = "10.1016/0550-3213(75)90636-7",
      year           = "1975",
      SLACcitation   = "%%CITATION = NUPHA,B90,104;%%"
}
@article{Nilles:1983ge,
      author         = "Nilles, Hans Peter",
      title          = "{Supersymmetry, supergravity and particle physics}",
      journal        = "Phys. Rep.",
      volume         = "110",
      pages          = "1",
      doi            = "10.1016/0370-1573(84)90008-5",
      year           = "1984",
      SLACcitation   = "%%CITATION = PRPLC,110,1;%%"
}
@ARTICLE{bib-nlo-nll-01,
  AUTHOR       = {Beenakker, Wim and H{\"o}pker, R. and Spira, M. and Zerwas, P. M.},
  TITLE        = {Squark and gluino production at hadron colliders},
  JOURNAL      = "Nucl. Phys. B",
  VOLUME       = "492",
  YEAR         = "1997",
  pages        = "51",
  doi          = "10.1016/S0550-3213(97)00084-9",
      eprint         = "hep-ph/9610490",
      archivePrefix  = "arXiv",
      primaryClass   = "hep-ph",
      reportNumber   = "DESY-96-150, CERN-TH-96-215",
  SLACcitation   = "%%CITATION = HEP-PH/9610490;%%"
}
@ARTICLE{bib-nlo-nll-02,
  author         = "Kulesza, Anna and Motyka, L.",
  title          = "Threshold Resummation for Squark-Antisquark and
                     Gluino-Pair Production at the {LHC}",
  journal        = "Phys. Rev. Lett.",
  volume         = "102",
  pages          = "111802",
  year           = "2009",
  doi            = "10.1103/PhysRevLett.102.111802",
      eprint         = "0807.2405",
      archivePrefix  = "arXiv",
      primaryClass   = "hep-ph",
      reportNumber   = "DESY-08-096",
  SLACcitation   = "%%CITATION = ARXIV:0807.2405;%%"
}
@ARTICLE{bib-nlo-nll-03,
  author         = "Kulesza, Anna and Motyka, L.",
  title          = "{Soft gluon resummation for the production of
                     gluino-gluino and squark-antisquark pairs at the {LHC}}",
  journal        = "Phys. Rev. D",
  volume         = "80",
  pages          = "095004",
  year           = "2009",
  doi            = "10.1103/PhysRevD.80.095004",
      eprint         = "0905.4749",
      archivePrefix  = "arXiv",
      primaryClass   = "hep-ph",
      reportNumber   = "DESY-09-078, PITHA-09-11",
  SLACcitation   = "%%CITATION = ARXIV:0905.4749;%%"
}
@ARTICLE{bib-nlo-nll-04,
  author         = {Beenakker, Wim and Brensing, Silja and Kr{\"a}mer, Michael
                    and Kulesza, Anna and Laenen, Eric and Niessen, Irene},
  title          = "{Soft-gluon resummation for squark and gluino hadroproduction}",
  JOURNAL        = {JHEP},
  volume         = "12",
  pages          = "041",
  year           = "2009",
  doi            = "10.1088/1126-6708/2009/12/041",
      eprint         = "0909.4418",
      archivePrefix  = "arXiv",
      primaryClass   = "hep-ph",
      reportNumber   = "ITP-UU-09-33, NIKHEF-2009-015",
  SLACcitation   = "%%CITATION = ARXIV:0909.4418;%%"
}
@ARTICLE{bib-nlo-nll-05,
  author         = {Beenakker, Wim and Brensing, Silja and Kr{\"a}mer, Michael and
                    Kulesza, Anna and Laenen, Eric and Motyka, Leszek and Niessen, Irene},
  title          = "{Squark and gluino hadroproduction}",
  journal        = "Int. J. Mod. Phys. A",
  volume         = "26",
  pages          = "2637",
  year           = "2011",
  doi            = "10.1142/S0217751X11053560",
      eprint         = "1105.1110",
      archivePrefix  = "arXiv",
      primaryClass   = "hep-ph",
      reportNumber   = "DESY-11-060, ITFA-11-09, ITP-UU-11-13, NIKHEF-2011-011,
                        TTK-11-12",
  SLACcitation   = "%%CITATION = ARXIV:1105.1110;%%"
}
@article{Nadolsky:2008zw,
      author         = "Nadolsky, Pavel M. and Lai, Hung-Liang and Cao, Qing-Hong
                        and Huston, Joey and Pumplin, Jon and Stump, Daniel and Tung, Wu-Ki and Yuan, C.-P.",
      title          = "{Implications of {CTEQ} global analysis for collider
                        observables}",
      journal        = "Phys. Rev. D",
      volume         = "78",
      pages          = "013004",
      doi            = "10.1103/PhysRevD.78.013004",
      year           = "2008",
      eprint         = "0802.0007",
      archivePrefix  = "arXiv",
      primaryClass   = "hep-ph",
      reportNumber   = "MSUHEP-080125, UCRHEP-T447",
      SLACcitation   = "%%CITATION = ARXIV:0802.0007;%%",
}
@article{Pumplin:2002vw,
      author         = "Pumplin, Jonathan and Stump, Daniel Robert and Huston, Joey and Lai, Hung-Liang
                        and Nadolsky, Pavel and Tung, Wu-Ki",
      title          = "{New generation of parton distributions with
                        uncertainties from global {QCD} analysis}",
      journal        = "JHEP",
      volume         = "07",
      pages          = "012",
      year           = "2002",
      eprint         = "hep-ph/0201195",
      archivePrefix  = "arXiv",
      primaryClass   = "hep-ph",
      reportNumber   = "MSU-HEP-011101",
      SLACcitation   = "%%CITATION = HEP-PH/0201195;%%",
      doi            = "10.1088/1126-6708/2002/07/012"
}
@Article{Agostinelli:2002hh,
     author    = "Agostinelli, S. and others",
     collaboration = "GEANT4",
     title     = "\texttt{GEANT4}---a simulation toolkit",
     journal   = "Nucl. Instrum. Meth. A",
     volume    = "506",
     year      = "2003",
     pages     = "250",
     doi       = "10.1016/S0168-9002(03)01368-8",
     SLACcitation  = "%%CITATION = NUIMA,A506,250;%%"
}
@ARTICLE{Alwall:2011uj,
  author         = "Alwall, Johan and Herquet, Michel and Maltoni, Fabio and
                    Mattelaer, Olivier and Stelzer, Tim",
  TITLE          = {{M}ad{G}raph5: going beyond},
  JOURNAL        = {JHEP},
  VOLUME         = {06},
  YEAR           = {2011},
  PAGES          = {128},
  doi            = {10.1007/JHEP06(2011)128},
      eprint         = "1106.0522",
      archivePrefix  = "arXiv",
      primaryClass   = "hep-ph",
      reportNumber   = "FERMILAB-PUB-11-448-T",
  SLACcitation   = "%%CITATION = ARXIV:1106.0522;%%",
}
@ARTICLE{Sjostrand:2006za,
  AUTHOR         = {Sj{\"o}strand, T. and Mrenna, S. and Skands, P.},
  TITLE          = {{PYTHIA} 6.4 physics and manual},
  JOURNAL        = {JHEP},
  VOLUME         = {05},
  PAGES          = {026},
  YEAR           = {2006},
  doi            = {10.1088/1126-6708/2006/05/026},
      eprint         = "hep-ph/0603175",
      archivePrefix  = "arXiv",
      primaryClass   = "hep-ph",
      reportNumber   = "FERMILAB-PUB-06-052-CD-T, LU-TP-06-13",
      SLACcitation   = "%%CITATION = HEP-PH/0603175;%%",
}
@article{Nason:2004rx,
      author         = "Nason, Paolo",
      title          = "{A new method for combining NLO QCD with shower Monte
                        Carlo algorithms}",
      journal        = "JHEP",
      volume         = "11",
      year           = "2004",
      pages          = "040",
      doi            = "10.1088/1126-6708/2004/11/040",
      eprint         = "hep-ph/0409146",
      archivePrefix  = "arXiv",
      primaryClass   = "hep-ph",
      reportNumber   = "BICOCCA-FT-04-11",
      SLACcitation   = "%%CITATION = HEP-PH/0409146;%%"
}
@article{Frixione:2007vw,
      author         = "Frixione, Stefano and Nason, Paolo and Oleari, Carlo",
      title          = "{Matching NLO QCD computations with Parton Shower
                        simulations: the POWHEG method}",
      journal        = "JHEP",
      volume         = "11",
      year           = "2007",
      pages          = "070",
      doi            = "10.1088/1126-6708/2007/11/070",
      eprint         = "0709.2092",
      archivePrefix  = "arXiv",
      primaryClass   = "hep-ph",
      reportNumber   = "BICOCCA-FT-07-9, GEF-TH-21-2007",
      SLACcitation   = "%%CITATION = ARXIV:0709.2092;%%"
}
@article{Alioli:2010xd,
      author         = "Alioli, Simone and Nason, Paolo and Oleari, Carlo and Re,
                        Emanuele",
      title          = "{A general framework for implementing NLO calculations in
                        shower Monte Carlo programs: the POWHEG BOX}",
      journal        = "JHEP",
      volume         = "06",
      year           = "2010",
      pages          = "043",
      doi            = "10.1007/JHEP06(2010)043",
      eprint         = "1002.2581",
      archivePrefix  = "arXiv",
      primaryClass   = "hep-ph",
      reportNumber   = "DESY-10-018, SFB-CPP-10-22, IPPP-10-11, DCPT-10-22",
      SLACcitation   = "%%CITATION = ARXIV:1002.2581;%%"
}
@article{Alioli:2009je,
      author         = "Alioli, Simone and Nason, Paolo and Oleari, Carlo and Re,
                        Emanuele",
      title          = "{NLO single-top production matched with shower in POWHEG:
                        $s$- and $t$-channel contributions}",
      journal        = "JHEP",
      volume         = "09",
      pages          = "111",
      doi            = "10.1088/1126-6708/2009/09/111",
      note           = "[Erratum: \DOI{10.1007/JHEP02(2010)011}]",
      year           = "2009",
      eprint         = "0907.4076",
      archivePrefix  = "arXiv",
      primaryClass   = "hep-ph",
      SLACcitation   = "%%CITATION = ARXIV:0907.4076;%%",
}
@article{Re:2010bp,
      author         = "Re, Emanuele",
      title          = "Single-top {$Wt$}-channel production matched with parton
                        showers using the {POWHEG} method",
      journal        = "Eur. Phys. J. C",
      volume         = "71",
      year           = "2011",
      pages          = "1547",
      doi            = "10.1140/epjc/s10052-011-1547-z",
      eprint         = "1009.2450",
      archivePrefix  = "arXiv",
      primaryClass   = "hep-ph",
      reportNumber   = "IPPP-10-74, DCPT-10-148",
      SLACcitation   = "%%CITATION = ARXIV:1009.2450;%%"
}
@article{Melia:2011tj,
      author         = "Melia, Tom and Nason, Paolo and Rontsch, Raoul and
                        Zanderighi, Giulia",
      title          = "{W$^+$W$^-$, WZ and ZZ production in the POWHEG BOX}",
      journal        = "JHEP",
      volume         = "11",
      year           = "2011",
      pages          = "078",
      doi            = "10.1007/JHEP11(2011)078",
      eprint         = "1107.5051",
      archivePrefix  = "arXiv",
      primaryClass   = "hep-ph",
      SLACcitation   = "%%CITATION = ARXIV:1107.5051;%%"
}
@article{Alwall:2014hca,
      author         = "Alwall, J. and Frederix, R. and Frixione, S. and Hirschi,
                        V. and Maltoni, F. and Mattelaer, O. and Shao, H.-S. and
                        Stelzer, T. and Torrielli, P. and Zaro, M.",
      title          = "{The automated computation of tree-level and
                        next-to-leading order differential cross sections, and
                        their matching to parton shower simulations}",
      journal        = "JHEP",
      volume         = "07",
      year           = "2014",
      pages          = "079",
      doi            = "10.1007/JHEP07(2014)079",
      eprint         = "1405.0301",
      archivePrefix  = "arXiv",
      primaryClass   = "hep-ph",
      reportNumber   = "CERN-PH-TH-2014-064, CP3-14-18, LPN14-066, MCNET-14-09,
                        ZU-TH-14-14",
      SLACcitation   = "%%CITATION = ARXIV:1405.0301;%%"
}
@Article{Junk1999,
  author    = "Junk, Thomas",
  title     = "{Confidence level computation for combining searches with small statistics}",
  journal   = "Nucl. Instrum. Meth. A",
  volume    = "434",
  year      = "1999",
  pages     = "435",
  doi       = "10.1016/S0168-9002(99)00498-2",
      eprint         = "hep-ex/9902006",
      archivePrefix  = "arXiv",
      primaryClass   = "hep-ex",
      reportNumber   = "CARLETON-OPAL-PHYS-99-01, CERN-EP-99-041",
  SLACcitation  = "%%CITATION = HEP-EX/9902006;%%"
}

@ARTICLE{Read:2002hq,
  AUTHOR         = {Read, A. L.},
  TITLE          = "Presentation of search results: the {\CLs} technique",
  JOURNAL        = {J. Phys. G},
  VOLUME         = {28},
  PAGES          = {2693},
  YEAR           = {2002},
  doi            = {10.1088/0954-3899/28/10/313},
      SLACcitation   = "%%CITATION = INSPIRE-599622;%%",
}
@article{Chatrchyan:2012jua,
      author         = "Chatrchyan, Serguei and others",
      title          = "{Identification of b-quark jets with the {CMS} experiment}",
      collaboration  = "CMS",
      journal        = "JINST",
      volume         = "8",
      pages          = "P04013",
      doi            = "10.1088/1748-0221/8/04/P04013",
      year           = "2013",
      eprint         = "1211.4462",
      archivePrefix  = "arXiv",
      primaryClass   = "hep-ex",
      reportNumber   = "CMS-BTV-12-001, CERN-PH-EP-2012-262",
      SLACcitation   = "%%CITATION = ARXIV:1211.4462;%%",
}

@TECHREPORT{bib-cms-btagging-2011,
  AUTHOR      = "{CMS Collaboration}",
  COLLABORATION = "CMS",
  institution    = "CERN",
  TITLE       = "b-jet identification in the {CMS} experiment",
  URL         = "http://cdsweb.cern.ch/record/1427247",
  TYPE        = "CMS Physics Analysis Summary",
  NUMBER      = "CMS-PAS-BTV-11-004",
  YEAR        = "2012"
}
@article{Chatrchyan:2008aa,
      author         = "Chatrchyan, S. and others",
      title          = "{The {CMS} experiment at the {CERN} {LHC}}",
      collaboration  = "CMS",
      journal        = "JINST",
      volume         = "3",
      pages          = "S08004",
      doi            = "10.1088/1748-0221/3/08/S08004",
      year           = "2008",
      SLACcitation   = "%%CITATION = JINST,3,S08004;%%",
}
@article{Cacciari:2007fd,
      author         = "Cacciari, Matteo and Salam, Gavin P.",
      title          = "{Pileup subtraction using jet areas}",
      journal        = "Phys. Lett. B",
      volume         = "659",
      pages          = "119",
      doi            = "10.1016/j.physletb.2007.09.077",
      year           = "2008",
      eprint         = "0707.1378",
      archivePrefix  = "arXiv",
      primaryClass   = "hep-ph",
      reportNumber   = "LPTHE-07-01",
      SLACcitation   = "%%CITATION = ARXIV:0707.1378;%%",
}
@article{Cacciari:2008gp,
      author         = "Cacciari, Matteo and Salam, Gavin P. and Soyez, Gregory",
      title          = "The anti-$kt$ jet clustering algorithm",
      journal        = "JHEP",
      volume         = "04",
      year           = "2008",
      pages          = "063",
      doi            = "10.1088/1126-6708/2008/04/063",
      eprint         = "0802.1189",
      archivePrefix  = "arXiv",
      primaryClass   = "hep-ph",
      reportNumber   = "LPTHE-07-03",
      SLACcitation   = "%%CITATION = ARXIV:0802.1189;%%"
}
@article{Martin:1997ns,
      author         = "Martin, Stephen P.",
      title          = "A supersymmetry primer",
      journal        = "Adv. Ser. Direct. High Energy Phys.",
      volume         = "21",
      pages          = "1",
      doi            = "10.1142/9789814307505_0001",
      year           = "2010",
      eprint         = "hep-ph/9709356",
      archivePrefix  = "arXiv",
      primaryClass   = "hep-ph",
      SLACcitation   = "%%CITATION = HEP-PH/9709356;%%",
}
@ARTICLE{bib-rparity,
  AUTHOR         = {Farrar, G. R. and Fayet, P.},
  TITLE          = {Phenomenology of the production, decay, and detection of
                    new hadronic states associated with supersymmetry},
  JOURNAL        = {Phys. Lett. B},
  VOLUME         = {76},
  PAGES          = {575},
  YEAR           = {1978},
  doi            = {10.1016/0370-2693(78)90858-4}
}
@unpublished{bib-sms-1,
  author         = "Arkani-Hamed, Nima and Schuster, Philip and Toro, Natalia
                    and Thaler, Jesse and Wang, Lian-Tao and Knuteson, Bruce
                   and Mrenna, Stephen",
  title         = "{MARMOSET}: The path from {LHC} data to the new standard model
                     via on-shell effective theories",
  year          = {2007},
      eprint         = "hep-ph/0703088",
      archivePrefix  = "arXiv",
      primaryClass   = "HEP-PH",
      reportNumber   = "FERMILAB-FN-0800-CD",
  SLACcitation  = "%%CITATION = HEP-PH/0703088;%%"
}
@ARTICLE{bib-sms-2,
  AUTHOR         = {Alwall, Johan and Schuster, Phillip C. and Toro, Natalia},
  TITLE          = {Simplified models for a first characterization of new physics
                    at the {LHC}},
  JOURNAL        = {Phys. Rev. D},
  VOLUME         = {79},
  PAGES          = {075020},
  YEAR           = {2009},
  doi            =  "10.1103/PhysRevD.79.075020",
      eprint         = "0810.3921",
      archivePrefix  = "arXiv",
      primaryClass   = "hep-ph",
      reportNumber   = "SLAC-PUB-13425, SU-ITP-08-24",
      SLACcitation   = "%%CITATION = ARXIV:0810.3921;%%"
}
@article{bib-sms-3,
  author         = "Alwall, Johan and Le, My-Phuong and Lisanti, Mariangela
                    and Wacker, Jay G.",
  title          = "{Model-independent jets plus missing energy searches}",
  journal        = "Phys. Rev. D",
  volume         = "79",
  pages          = "015005",
  year           = "2009",
  doi            = "10.1103/PhysRevD.79.015005",
      eprint         = "0809.3264",
      archivePrefix  = "arXiv",
      primaryClass   = "hep-ph",
      reportNumber   = "SLAC-PUB-13405",
      SLACcitation   = "%%CITATION = ARXIV:0809.3264;%%"
}
@article{bib-sms-4,
  AUTHOR         = {Alves, Daniele and others},
  TITLE          = {Simplified models for {LHC} new physics searches},
      journal        = "J. Phys. G",
      volume         = "39",
      pages          = "105005",
      doi            = "10.1088/0954-3899/39/10/105005",
      year           = "2012",
      eprint         = "1105.2838",
      archivePrefix  = "arXiv",
      primaryClass   = "hep-ph",
      reportNumber   = "SLAC-PUB-15045",
      SLACcitation   = "%%CITATION = ARXIV:1105.2838;%%",
}
@article{Beringer:1900zz,
      author = "{Particle Data Group} and J. Beringer and others",
      title = "{Review of Particle Physics}",
      journal = "Phys. Rev. D",
      volume = "86",
      pages = "010001",
      doi = "10.1103/PhysRevD.86.010001",
      year = "2012",
}
@article{CMS-PAS-TRK-10-002,
     author    = "{CMS Collaboration}",
     title        = "Measurement of Tracking Efficiency",
     journal   = "CMS PAS TRK-10-002",
     year         = "2010"
}
@article{CMS-PAS-MUO-10-004,
     author    = "{CMS Collaboration}",
     title        = "Performance of muon reconstruction and identification in pp collisions at $\sqrt{s} =$ 7 TeV ",
     journal   = "CMS PAS MUO-10-004",
     year         = "2010"
}
@article{CMS-PAS-EGM-10-004,
     author    = "{CMS Collaboration}",
     title        = "Electron reconstruction and identification at $\sqrt{s} =$ 7 TeV ",
     journal   = "CMS PAS EGM-10-004",
     year         = "2010"
}
@article{CMS-PAS-TOP-11-001,
     author    = "{CMS Collaboration}",
     title        = "Combination of top pair production cross sections in pp collisions at at $\sqrt{s} =$ 7 TeV and comparisons with theory",
     journal   = "CMS PAS TOP-11-001",
     year         = "2011"
}
@article{CMS-PAS-TOP-11-003,
     author    = "{CMS Collaboration}",
     title     = "Measurement of the \ttbar Pair Production Cross Section at $\sqrt{s} =$ 7 TeV using $b$-quark Jet Identification Techniques in Lepton $+$ Jet Events",
     journal   = "CMS PAS TOP-11-003",
     year      = "2011"
}
@Techreport{CMS-PAS-BTV-13-001,
      AUTHOR      = "{CMS Collaboration}",
      COLLABORATION = "{CMS}",
      institution    = "CERN",
      TITLE       = "Performance of $\cPqb$ tagging at $\sqrt{s}=8\TeV$ in multijet,
                    \ttbar and boosted topology events",
      URL         = "http://cds.cern.ch/record/1581306",
      TYPE        = "CMS Physics Analysis Summary",
      NUMBER      = "CMS-PAS-BTV-13-001",
      YEAR        = "2013"
}
@Techreport{PAS-BTV-09-001,
      AUTHOR      = "{CMS Collaboration}",
      COLLABORATION = "{CMS}",
      institution    = "CERN",
      TITLE       = "Algorithms for b Jet identification in CMS",
      URL         = "http://cdsweb.cern.ch/record/1194494",
      TYPE        = "CMS Physics Analysis Summary",
      NUMBER      = "CMS-PAS-BTV-09-001",
      YEAR        = "2009"
}
@Techreport{PAS-BTV-11-001,
      AUTHOR      = "{CMS Collaboration}",
      COLLABORATION = "{CMS}",
      institution    = "CERN",
      TITLE       = "Performance of b-jet identification in CMS",
      URL         = "http://cdsweb.cern.ch/record/1366061",
      TYPE        = "CMS Physics Analysis Summary",
      NUMBER      = "CMS-PAS-BTV-11-001",
      YEAR        = "2011"
}
@Techreport{PAS-BTV-11-004,
      AUTHOR      = "{CMS Collaboration}",
      COLLABORATION = "{CMS}",
      institution    = "CERN",
      TITLE       = "b-Jet Identification in the CMS Experiment",
      TYPE        = "CMS Physics Analysis Summary",
      NUMBER      = "CMS-PAS-BTV-11-004",
      YEAR        = "2012"
}
@article{AN-11-448,
AUTHOR = "{Bloch, Daniel and others}",
TITLE = "Measurement of the b-tagging efficiency at high $p_{T}$ using the jet probability",
JOURNAL = "CMS Analysis Note",
VOLUME = "AN-11-448",
YEAR = "2011"
}
@unpublished{SUSYPAT,
author="{Sprenger, D.}",
year="2012",
title="Tags for PAT Layer 1 production V12 (52X/53X) [r18]",
note="\url{https://twiki.cern.ch/twiki/bin/view/CMS/SusyPatLayer1DefV12?rev=18}"
}
@unpublished{BTV_DB,
author="CMS BTV Group",
year="2011",
title="BTagging Performance Database",
url="https://twiki.cern.ch/twiki/bin/view/CMS/BtagPerformanceDBV2#Measurements"
}
@Techreport{CMS-PAS-JME-14-001,
      AUTHOR      = "{CMS Collaboration}",
      COLLABORATION = "{CMS}",
      institution    = "CERN",
      TITLE       = "Study of pileup removal algorithms for jets",
      URL         = "http://cds.cern.ch/record/1751454",
      TYPE        = "CMS Physics Analysis Summary",
      NUMBER      = "CMS-PAS-JME-14-001",
      YEAR        = "2014"
}
@Techreport{CMS-PAS-JME-13-005,
      AUTHOR      = "{CMS Collaboration}",
      COLLABORATION = "{CMS}",
      institution    = "CERN",
      TITLE       = "Pileup jet identification",
      URL         = "http://cds.cern.ch/record/1581583",
      TYPE        = "CMS Physics Analysis Summary",
      NUMBER      = "CMS-PAS-JME-13-005",
      YEAR        = "2013"
}
@Techreport{PAS-JME-10-014,
      AUTHOR      = "{CMS Collaboration}",
      COLLABORATION = "{CMS}",
      institution    = "CERN",
      TITLE       = "Jet Energy Resolution in CMS at $\sqrt{s} =$ 7 TeV",
      URL         = "http://cms-physics.web.cern.ch/cms-physics/public/JME-10-014-pas.pdf",
      TYPE        = "CMS Physics Analysis Summary",
      NUMBER      = "CMS-PAS-JME-10-014",
      YEAR        = "2011"
}
@ARTICLE{CMS_AN_2010-281,
     AUTHOR       = "Barrett, M. and Blekman, F. and Chadwick, M. and Cole, J. and Cuplov, V.",
     TITLE        = "A measurement of \ttbar cross section in early 7 TeV data using the semileptonic topology: electron plus jets with one or more b-tags, using 36 pb$^{-1}$ of CMS data",
     JOURNAL      = "CMS Analysis Note",
     VOLUME       = "\href{http://cms.cern.ch/iCMS/jsp/db_notes/noteInfo.jsp?cmsnoteid=CMS\%20AN-2010/281}{2010/281}",
     YEAR         = "2010"
}
@ARTICLE{CMS_AN_2011-277,
     AUTHOR       = "Casal, Bruno and Moortgat, Filip and Nef, Pascal and Pape, Luc and Sala, Leonardo and Treille, Daniel and Weber, Hannsjoerg",
     TITLE        = "Search for supersymmetry in hadronic final states using $M_{T2}$ in 7TeV pp collisions at the {LHC}",
     JOURNAL      = "CMS Analysis Note",
     VOLUME       = "\href{http://cms.cern.ch/iCMS/jsp/db_notes/noteInfo.jsp?cmsnoteid=CMS\%20AN-2011/277}{2011/277}",
     YEAR         = "2011"
}
@ARTICLE{CMS_AN_2010-383,
     AUTHOR       = "Beaudette, F. and Bellan, R. and Benedetti, D. and Bernet, C. and D'Alfonso, M. and Gennai, S.",
     TITLE        = "Fake missing transverse momentum in the RA2 analysis",
     JOURNAL      = "CMS Analysis Note",
     VOLUME       = "\href{http://cms.cern.ch/iCMS/jsp/db_notes/noteInfo.jsp?cmsnoteid=CMS\%20AN-2010/383}{2010/383}",
     YEAR         = "2010"
}
@ARTICLE{CMS_AN_2010-354,
     AUTHOR       = "Liu, H. and Flanagan, W. and Gebbert, U. and Gurrola, A.",
     TITLE        = "Studies on ECAL Dead and Masked Channel Contributions to High MET and MHT",
     JOURNAL      = "CMS Analysis Note",
     VOLUME       = "\href{http://cms.cern.ch/iCMS/jsp/db_notes/noteInfo.jsp?cmsnoteid=CMS\%20AN-2010/354}{2010/354}",
     YEAR         = "2010"
}
%ARTICLE{CMS_AN_2011-313,
%     AUTHOR       = "Bernet, C.",
%     TITLE        = "Particle-based noise rejection for fully hadronic SUSY",
%     JOURNAL      = "CMS Analysis Note",
%     VOLUME       = "\href{http://cms.cern.ch/iCMS/jsp/db_notes/noteInfo.jsp?cmsnoteid=CMS\%20AN-2011/313}{2011/313}",
%     YEAR         = "2011"
%}
@TECHREPORT{cms-pas-jme-10-003,
  AUTHOR      = "{CMS Collaboration}",
  COLLABORATION = "CMS",
  institution    = "CERN",
  TITLE       = "Jet performance in pp collisions at $\sqrt{s}=7$~{TeV}",
  URL         = "http://cdsweb.cern.ch/record/1279362",
  TYPE        = "CMS Physics Analysis Summary",
  NUMBER      = "CMS-PAS-JME-10-003",
  YEAR        = "2010"
}
@techreport{CMS-PAS-JME-16-003,
      title         = "{Jet algorithms performance in 13 TeV data}",
      collaboration = "CMS",
      number        = "CMS-PAS-JME-16-003",
      year          = "2017",
  TYPE        = "CMS Physics Analysis Summary",
      reportNumber  = "CMS-PAS-JME-16-003",
      url           = "http://cds.cern.ch/record/2256875",
}
@Techreport{PAS-JME-10-009,
      AUTHOR      = "{CMS Collaboration}",
      COLLABORATION = "{CMS}",
      institution    = "CERN",
      TITLE       = "Missing transverse energy performance of the CMS detector",
      URL         = "http://cms.cern.ch/iCMS/analysisadmin/cadi?ancode=JME-10-009",
      TYPE        = "CMS Physics Analysis Summary",
      NUMBER      = "CMS-PAS-JME-10-009",
      YEAR        = "2010"
}
@Techreport{CMS-PAS-HIG-11-011,
      AUTHOR      = "{CMS Collaboration}",
      COLLABORATION = "{CMS}",
      institution    = "CERN",
      TITLE       = "Inclusive search for doubly charged higgs in leptonic final states at $\sqrt{s} =$ 7 TeV",
      URL         = "http://cdsweb.cern.ch/record/1335713",
      TYPE        = "CMS Physics Analysis Summary",
      NUMBER      = "CMS-PAS-HIG-11-011",
      YEAR        = "2011"
}
@unpublished{METCleaningTwiki,
author="{Hatakeyama, K. and Schoefbeck, R.}",
year="2012",
title="MET Optional Filters",
note="\url{https://twiki.cern.ch/twiki/bin/viewauth/CMS/MissingETOptionalFilters}"
}
@unpublished{METUncertaintyTwiki,
author="{Eno, S.}",
year="2011",
title="Official Prescription for calculating uncertainties on Missing Transverse Energy",
note="\url{https://twiki.cern.ch/twiki/bin/view/CMS/MissingETUncertaintyPrescription}"
}
@unpublished{PUReweightingTwiki,
author="{Hildreth, M.}",
year="2011",
title="Pileup Reweighting Utilities",
note="\url{https://twiki.cern.ch/twiki/bin/viewauth/CMS/PileupMCReweightingUtilities}"
}
@unpublished{PUSystematicTwiki,
author="{Hildreth, M.}",
year="2011",
title="Estimating Systematic Errors Due to Pileup Modeling",
note="\url{https://twiki.cern.ch/twiki/bin/viewauth/CMS/PileupSystematicErrors}"
}
@ARTICLE{bib-wpolar-1,
  AUTHOR         = {Czarnecki, A. and K\"{o}rner, J.C. and Piclum, J.},
  TITLE          = {Helicity fractions of W bosons from top quark decays at NNLO in QCD},
  JOURNAL        = {Phys. Rev. D},
  VOLUME         = {81},
  PAGES          = {111503},
  YEAR           = {2010}
}
@ARTICLE{bib-wpolar-2,
  AUTHOR         = {Bern, Z. and others},
  TITLE          = {Left-handed W bosons at the LHC},
  archivePrefix  = {arXiv},
  eprint         = {1103.5445},
  YEAR           = {2011}
}
@ARTICLE{bib-wpolar-3,
     AUTHOR       = "Buchmueller, O. and Karapostoli, G. and Marrouche, J. and Peruzzi, M. and Sparrow, A. and Sphicas, P. and Stoye, M.",
     TITLE        = "Measuring the polarization of W bosons in W+jets events at the {LHC} using the CMS experiment",
     JOURNAL      = "CMS Analysis Note",
     VOLUME       = "\href{http://cms.cern.ch/iCMS/jsp/db_notes/noteInfo.jsp?cmsnoteid=CMS\%20AN-2010/309}{2010/309}",
      YEAR         = "2010"
}
@ARTICLE{CMS_AN_2010-402,
     AUTHOR       = "Bellan, R. and D'Alfonso, M. and Koay, S.A. et al.",
     TITLE        = "Data-driven prediction of the hadronically decaying tau background for the RA2 inclusive hadronic SUSY search",
     JOURNAL      = "CMS Analysis Note",
     VOLUME       = "\href{http://cms.cern.ch/iCMS/jsp/db_notes/noteInfo.jsp?cmsnoteid=CMS\%20AN-2010/402}{2010/402}",
     YEAR         = "2010"
}
@unpublished{JetIDTwiki,
author="{Harel, A. and Schieferdecker, P.}",
year="2010",
title="Jet Identification",
note="\url{https://twiki.cern.ch/twiki/bin/view/CMS/JetID}"
}

@unpublished{cfarecipe,
author="{cfA team}",
year="2012",
title="cfA PF2PAT recipe",
note="\url{http://cmssw.cvs.cern.ch/cgi-bin/cmssw.cgi/UserCode/pbgeff/cmssw/Workspace/ConfigurableAnalysis/python/runningPatOnFly_cfg.py?revision=1.41}"
}


@unpublished{POGmuon,
author="{Muon POG}",
year="2012",
title="Baseline muon selections for 2012 data (CMSSW 52X and above)",
note="\url{https://twiki.cern.ch/twiki/bin/view/CMSPublic/SWGuideMuonId#The2012Data}"
}

@unpublished{POGelectron,
author="{E/gamma POG}",
year="2012",
title="$E/gamma$ 2012 Analysis Supporting Material--Electrons",
note="\url{https://twiki.cern.ch/twiki/bin/viewauth/CMS/Eg2012AnalysesSupportingMaterial#Electrons}"
}

@article{PDG2014,
      author         = "{Particle Data Group} and K. A. Olive and others",
      title          = "{Review of particle physics}",
      journal        = "Chin. Phys. C",
      volume         = "38",
      pages          = "090001",
      doi            = "10.1088/1674-1137/38/9/090001",
      year           = "2014",
      SLACcitation   = "%%CITATION = PHRVA,D86,010001;%%",
}
@article{cms_ttZ,
      author         = "Khachatryan, Vardan and others",
      title          = "{Observation of top quark pairs produced in association with
                        a vector boson in pp collisions at $\sqrt{s}= 8$ TeV}",
      collaboration  = "CMS",
      journal        = "JHEP",
      volume         = "01",
      year           = "2016",
      pages          = "096",
      doi            = "10.1007/JHEP01(2016)096",
      eprint         = "1510.01131",
      archivePrefix  = "arXiv",
      primaryClass   = "hep-ex",
      reportNumber   = "CMS-TOP-14-021, CERN-PH-EP-2015-248",
      SLACcitation   = "%%CITATION = ARXIV:1510.01131;%%"
}
@Article{JetSub:Prune,
      AUTHOR         = "Ellis, Stephen D. and Vermilion, Christopher K. and
                        Walsh, Jonathan R.",
      TITLE          = "Recombination algorithms and jet substructure: Pruning
                        as a tool for heavy particle searches",
      journal        = "Phys. Rev. D",
      volume         = "81",
      year           = "2010",
      pages          = "094023",
      doi            = "10.1103/PhysRevD.81.094023",
      eprint         = "0912.0033",
      archivePrefix  = "arXiv",
      primaryClass   = "hep-ph",
}
@TECHREPORT{CMS-PAS-BTV-15-002,
      AUTHOR      = "{CMS Collaboration}",
      COLLABORATION = "CMS",
      INSTITUTION   = "CERN",
      TITLE         = "{Identification of double-b quark jets in boosted event
                       topologies}",
      URL           = "https://cds.cern.ch/record/2195743",
      NUMBER        = "CMS-PAS-BTV-15-002",
      YEAR          = "2016"
}

@article{BTV-16-002,
    author             = "Sirunyan, Albert M and others",
    title               = "Identification of heavy-flavour jets with the {CMS} detector in pp collisions at 13 {TeV}",
    collaboration  = "CMS",
    eprint             = "1712.07158",
  journal={JINST},
  volume={13},
  pages={P05011},
  year={2018},
  doi="10.1088/1748-0221/13/05/P05011",
    archivePrefix  = "arXiv",
    primaryClass   = "physics.ins-det",
    reportNumber   = "CMS-BTV-16-002, CERN-EP-2017-326",
    SLACcitation   = "%%CITATION = ARXIV:1712.07158;%%",
}

@article{Zwicky:1933gu,
      author         = "Zwicky, F.",
      title          = "{Die Rotverschiebung von extragalaktischen Nebeln}",
      journal        = "Helv. Phys. Acta",
      volume         = "6",
      pages          = "110",
      year           = "1933",
      url = {http://adsabs.harvard.edu/abs/1933AcHPh...6..110Z},
      SLACcitation   = "%%CITATION = HPACA,6,110;%%",
}
@article{Rubin:1970zza,
      author         = "Rubin, Vera C. and Ford Jr, W. Kent",
      title          = "Rotation of the {A}ndromeda Nebula from a Spectroscopic
                        Survey of Emission Regions",
      journal        = "Astrophys. J.",
      volume         = "159",
      pages          = "379",
      doi            = "10.1086/150317",
      year           = "1970",
      SLACcitation   = "%%CITATION = ASJOA,159,379;%%",
}
@article{Drees:2016pdg,
      author         = "{Particle Data Group} and Patrignani, C. and others",
      title          = "{Review of Particle Physics}",
     journal        = "Chin. Phys. C",
      volume         = "40",
      note           = "See section 26, {Dark Matter}",
      year           = "2016",
      pages          = "100001",
      doi            = "10.1088/1674-1137/40/10/100001",
      SLACcitation   = "%%CITATION = CHPHD,C40,100001;%%"
}

@article{Sirunyan:2017cwe,
      author         = "Sirunyan, Albert M and others",
      title          = "Search for supersymmetry in multijet events with missing
                        transverse momentum in proton-proton collisions at
                        13 {TeV}",
      collaboration  = "CMS",
      journal        = "Phys. Rev. D",
      volume         = "96",
      year           = "2017",
      pages          = "032003",
      doi            = "10.1103/PhysRevD.96.032003",
      eprint         = "1704.07781",
      archivePrefix  = "arXiv",
      primaryClass   = "hep-ex",
      reportNumber   = "CMS-SUS-16-033, CERN-EP-2017-072",
      SLACcitation   = "%%CITATION = ARXIV:1704.07781;%%"
}

@article{PhysRevLett.38.1433,
  title = "Broken Supersymmetry and Supergravity",
  author = "Deser, S. and Zumino, B.",
  journal = "Phys. Rev. Lett.",
  volume = "38",
  pages = "1433",
  year = "1977",
  publisher = {American Physical Society},
  doi = {10.1103/PhysRevLett.38.1433},
}

@article{CREMMER1978231,
title = "Super-{Higgs} effect in supergravity with general scalar interactions",
journal = "Phys. Lett. B",
volume = "79",
pages = "231",
year = "1978",
issn = "0370-2693",
doi = "10.1016/0370-2693(78)90230-7",
author = "E. Cremmer and B. Julia and J. Scherk and P. van Nieuwenhuizen and S. Ferrara and L. Girardello"
}

@article{CMS:EGM-14-001,
      author         = "Khachatryan, Vardan and others",
      title          = "Performance of photon reconstruction and identification 
                         with the {CMS} detector in proton-proton collisions at 
                         $\sqrt{s} = 8$ {TeV}",
      collaboration  = "CMS",
      journal        = "JINST",
      volume         = "10",
      pages          = "P08010",
      doi            = "10.1088/1748-0221/10/08/P08010",
      year           = "2015",
      eprint         = "1502.02702",
      archivePrefix  = "arXiv",
      primaryClass   = "physics.ins-det",
      reportNumber   = "CMS-EGM-14-001, CERN-PH-EP-2015-006",
      SLACcitation   = "%%CITATION = ARXIV:1502.02702;%%",
}

@article{Meade:2008wd,
      author         = "Meade, Patrick and Seiberg, Nathan and Shih, David",
      title          = "General Gauge Mediation",
      journal        = "Prog. Theor. Phys. Suppl.",
      volume         = "177",
      year           = "2009",
      pages          = "143",
      doi            = "10.1143/PTPS.177.143",
      eprint         = "0801.3278",
      archivePrefix  = "arXiv",
      primaryClass   = "hep-ph",
      SLACcitation   = "%%CITATION = ARXIV:0801.3278;%%"
}

@article{Abdullin:2011zz,
      author         = "Abdullin, S. and Azzi, P. and Beaudette, F. and Janot, P.
                        and Perrotta, A.",
      title          = "{The fast simulation of the CMS detector at LHC}",
      booktitle      = "{Proceedings, 18th International Conference on Computing
                        in High Energy and Nuclear Physics (CHEP 2010): Taipei,
                        Taiwan, October 18-22, 2010}",
      journal        = "J. Phys. Conf. Ser.",
      volume         = "331",
      year           = "2011",
      pages          = "032049",
      doi            = "10.1088/1742-6596/331/3/032049",
      reportNumber   = "FERMILAB-PUB-11-814-CMS",
      SLACcitation   = "%%CITATION = 00462,331,032049;%%"
}

@article{Giammanco:2014bza,
      author         = "Giammanco, Andrea",
      title          = "The Fast Simulation of the {CMS} Experiment",
      booktitle      = "{Proceedings, 20th International Conference on Computing
                        in High Energy and Nuclear Physics (CHEP 2013): Amsterdam,
                        The Netherlands, October 14-18, 2013}",
      journal        = "J. Phys. Conf. Ser.",
      volume         = "513",
      year           = "2014",
      pages          = "022012",
      doi            = "10.1088/1742-6596/513/2/022012",
      SLACcitation   = "%%CITATION = 00462,513,022012;%%"
}

@article{Czakon:2011xx,
      author         = "Czakon, Michal and Mitov, Alexander",
      title          = "{Top++}: A Program for the Calculation of the Top-Pair
                        Cross-Section at Hadron Colliders",
      journal        = "Comput. Phys. Commun.",
      volume         = "185",
      year           = "2014",
      pages          = "2930",
      doi            = "10.1016/j.cpc.2014.06.021",
      eprint         = "1112.5675",
      archivePrefix  = "arXiv",
      primaryClass   = "hep-ph",
      reportNumber   = "CERN-PH-TH-2011-303, TTK-11-58",
      SLACcitation   = "%%CITATION = ARXIV:1112.5675;%%"
}

@article{Khachatryan:2015pea,
      author         = "Khachatryan, Vardan and others",
      title          = "{Event generator tunes obtained from underlying event and
                        multiparton scattering measurements}",
      collaboration  = "CMS",
      journal        = "Eur. Phys. J. C",
      volume         = "76",
      year           = "2016",
      pages          = "155",
      doi            = "10.1140/epjc/s10052-016-3988-x",
      eprint         = "1512.00815",
      archivePrefix  = "arXiv",
      primaryClass   = "hep-ex",
      reportNumber   = "CMS-GEN-14-001, CERN-PH-EP-2015-291",
      SLACcitation   = "%%CITATION = ARXIV:1512.00815;%%"
}


@unpublished{Kalogeropoulos:2018cke,
      author         = "Kalogeropoulos, Alexis and Alwall, Johan",
      title          = "The {SysCalc} code: A tool to derive theoretical systematic uncertainties",
      year           = "2018",
      eprint         = "1801.08401",
      archivePrefix  = "arXiv",
      primaryClass   = "hep-ph",
      SLACcitation   = "%%CITATION = ARXIV:1801.08401;%%"
}

@article{Artoisenet:2012st,
      author         = "Artoisenet, Pierre and Frederix, Rikkert and Mattelaer,
                        Olivier and Rietkerk, Robbert",
      title          = "Automatic spin-entangled decays of heavy resonances in {Monte Carlo} simulations",
      journal        = "JHEP",
      volume         = "03",
      year           = "2013",
      pages          = "015",
      doi            = "10.1007/JHEP03(2013)015",
      eprint         = "1212.3460",
      archivePrefix  = "arXiv",
      primaryClass   = "hep-ph",
}

@article{Sirunyan:2018fpa,
      author         = "Sirunyan, A. M. and others",
      title          = "Performance of the {CMS} muon detector and muon
                        reconstruction with proton-proton collisions at
                        $\sqrt{s}=$ 13 {TeV}",
      collaboration  = "CMS",
      journal        = "JINST",
      volume         = "13",
      year           = "2018",
      pages          = "P06015",
      doi            = "10.1088/1748-0221/13/06/P06015",
      eprint         = "1804.04528",
      archivePrefix  = "arXiv",
      primaryClass   = "physics.ins-det",
      reportNumber   = "CMS-MUO-16-001, CERN-EP-2018-058",
      SLACcitation   = "%%CITATION = ARXIV:1804.04528;%%"
}
